Sales ID,Product ID,Customer ID,Sales,Order Date,Order Quantity,Region ID
101,OF_01,CG-12520,224.2944,10/13/2010,6,1
102,OF_02,CG-12520,9485.8512,10/1/2012,49,1
103,OF_03,DV-13045,232.2837,10/1/2012,27,2
104,TE_01,SO-20335,5409.3240000000005,7/10/2011,30,1
105,OF_04,SO-20335,380.7144,8/28/2010,19,1
106,FU_01,BH-11710,132.468,8/28/2010,21,2
107,OF_05,BH-11710,84.972,6/17/2011,12,2
108,OF_06,BH-11710,856.0552,6/17/2011,22,2
109,OF_07,BH-11710,2697.8741999999997,3/24/2011,21,2
110,OF_08,BH-11710,203.7816,2/26/2010,44,2
111,OF_09,BH-11710,190.67400000000004,11/23/2010,45,2
112,OF_10,BH-11710,121.344,11/23/2010,32,2
113,OF_04,AA-10480,696.96,6/8/2012,32,1
114,TE_02,IM-15070,1427.8847999999998,6/8/2012,31,2
115,OF_11,HP-14815,77.616,8/4/2012,15,3
116,FU_02,HP-14815,1779.8918,5/30/2011,46,3
117,OF_12,PK-19075,234.2112,11/25/2009,16,3
118,FU_03,AG-10270,4265.3952,2/14/2012,44,2
119,FU_04,ZD-21925,588.8025,2/14/2012,11,2
120,TE_03,ZD-21925,930.4589999999998,4/15/2012,15,2
121,TE_04,ZD-21925,2779.7418,4/15/2012,18,2
122,OF_13,KB-16585,43.173,3/12/2010,13,3
123,OF_14,KB-16585,93.9645,3/12/2010,21,3
124,OF_15,SF-20065,474.903,3/9/2011,33,4
125,TE_05,EB-13870,176.52899999999997,3/9/2011,38,2
126,OF_16,EH-13945,78.624,8/4/2012,30,2
127,OF_17,EH-13945,61.40079999999999,5/6/2011,23,2
128,TE_06,TB-21520,11137.2525,12/23/2010,25,4
129,OF_18,TB-21520,362.3424,11/8/2010,28,4
130,OF_19,TB-21520,274.0864,10/21/2012,49,4
131,TE_07,TB-21520,59.202000000000005,1/1/2011,10,4
132,OF_20,TB-21520,809.1426,1/1/2011,21,4
133,OF_21,TB-21520,276.5373,10/10/2011,39,4
134,TE_08,TB-21520,498.7224,10/10/2011,24,4
135,TE_09,MA-17560,1017.4464,9/23/2010,27,3
136,FU_05,GH-14485,3480.1065,7/19/2011,39,3
137,OF_22,GH-14485,182.83,10/9/2009,47,3
138,FU_06,SN-20710,5394.4982,10/9/2009,49,3
139,OF_23,SN-20710,501.876,10/9/2009,18,3
140,FU_07,SN-20710,13676.754,12/9/2010,30,3
141,OF_24,SN-20710,36.848,10/8/2012,5,3
142,OF_25,LC-16930,398.37,5/2/2012,21,3
143,TE_10,RA-19885,927.92,3/8/2010,8,2
144,OF_26,ES-14080,14.256,5/28/2011,5,1
145,OF_27,ON-18715,37.9008,9/19/2010,9,3
146,TE_11,ON-18715,1330.4544,8/31/2011,11,3
147,OF_28,PO-18865,181.875,8/31/2011,50,3
148,OF_29,LH-16900,34.261199999999995,8/31/2011,3,4
149,TE_04,LH-16900,4632.903,8/31/2011,30,4
150,OF_03,DP-13000,54.747,7/8/2011,7,3
151,TE_12,DP-13000,1201.284,1/30/2009,42,3
152,OF_30,DP-13000,43.3422,1/8/2012,11,3
153,OF_31,DP-13000,122.89199999999998,11/7/2010,22,3
154,FU_08,JM-15265,105.378,4/29/2010,12,4
155,TE_13,JM-15265,63.92,12/31/2011,8,4
156,OF_32,TB-21055,366.03,8/12/2009,7,4
157,OF_33,TB-21055,239.0256,8/12/2009,3,4
158,FU_09,TB-21055,3733.4704,11/12/2011,44,4
159,TE_14,TB-21055,1999.2675,11/12/2011,25,4
160,OF_34,TB-21055,202.8516,1/20/2012,19,4
161,OF_35,TB-21055,9432.172799999998,3/20/2009,6,4
162,OF_36,TB-21055,248.832,7/21/2012,40,4
163,OF_37,KM-16720,111.9744,7/21/2012,18,2
164,OF_38,KM-16720,287.9745,6/12/2012,11,2
165,OF_39,KM-16720,202.1382,1/15/2009,41,2
166,OF_40,KM-16720,286.51199999999994,1/15/2009,47,2
167,OF_41,PS-18970,401.12,6/4/2010,40,3
168,OF_05,BS-11590,124.83,2/18/2010,18,2
169,TE_15,BS-11590,1263.36,11/16/2011,32,2
170,FU_10,KD-16270,459.459,11/16/2011,5,1
171,FU_11,HM-14980,786.4128000000001,11/16/2011,41,4
172,FU_12,TB-21520,5954.871999999999,8/7/2011,22,3
173,OF_42,JE-15745,744.325,6/8/2010,50,1
174,OF_43,JE-15745,932.4222,10/17/2009,37,1
175,FU_13,JE-15745,1155.7632,8/28/2011,4,1
176,OF_44,KB-16600,353.0466,9/29/2011,19,3
177,OF_45,KB-16600,139.96800000000002,9/29/2011,24,3
178,OF_46,KB-16600,3239.2000000000003,5/4/2012,40,3
179,OF_47,JE-15745,8.648,5/17/2011,5,3
180,OF_48,SC-20770,239.112,5/17/2011,41,1
181,FU_14,SC-20770,3294.06,5/17/2011,35,1
182,OF_49,DN-13690,253.1088,5/17/2011,42,2
183,OF_50,DN-13690,86.0706,5/17/2011,46,2
184,OF_51,JC-16105,2799.696,11/17/2009,47,1
185,OF_52,CS-12400,1878.1056,10/10/2011,7,3
186,FU_15,PO-18865,11324.1744,10/7/2012,36,1
187,OF_53,PG-18895,85.36500000000001,10/7/2012,5,3
188,OF_54,PG-18895,1533.8176,10/7/2012,32,3
189,OF_55,GM-14455,168.9996,8/13/2011,44,3
190,FU_16,JS-15685,4511.36,8/16/2011,32,2
191,FU_17,JS-15685,9499.5648,8/16/2011,44,2
192,TE_16,JS-15685,1577.3212,8/16/2011,34,2
193,OF_56,KB-16315,9.5316,3/4/2009,1,3
194,OF_15,KB-16315,791.505,8/18/2009,50,3
195,FU_18,KB-16315,7525.1781,11/16/2010,29,3
196,FU_19,RB-19705,773.045,5/27/2011,25,2
197,OF_57,PN-18775,73.67360000000001,5/27/2011,46,4
198,OF_58,KD-16345,297.6,8/23/2010,15,2
199,OF_59,ER-13855,379.62,8/19/2011,20,3
200,TE_17,RB-19465,1290.1056,1/3/2012,14,3
201,OF_60,RB-19465,4796.496,11/29/2012,48,3
202,OF_61,RB-19465,329.91599999999994,3/17/2012,8,3
203,FU_20,GZ-14470,1437.891,4/12/2010,15,3
204,OF_62,LC-16870,100.737,8/24/2010,30,2
205,FU_21,LC-16870,878.04,7/4/2011,6,2
206,OF_63,LC-16870,380.5,11/10/2010,25,2
207,OF_64,JM-15250,57.776,6/24/2010,4,1
208,FU_22,JM-15250,4428.463,6/24/2010,26,1
209,TE_18,JM-15250,9060.6292,9/19/2012,46,1
210,FU_23,PA-19060,4424.211,9/19/2012,23,3
211,TE_19,CV-12805,2903.28,12/24/2011,25,4
212,OF_65,CL-12565,27.016499999999997,3/23/2012,5,3
213,TE_20,CL-12565,21860.8656,10/15/2011,12,3
214,FU_24,RC-19960,5222.4768,8/7/2010,24,4
215,FU_25,RC-19960,65.06240000000001,3/3/2009,34,4
216,TE_21,RC-19960,20679.5864,2/9/2010,44,4
217,OF_66,RC-19960,575.6912,2/9/2010,28,4
218,OF_67,DK-13090,1123.504,1/17/2009,40,2
219,OF_68,GG-14650,76.5072,1/17/2009,46,1
220,FU_26,SC-20725,5045.6476,8/30/2010,19,4
221,OF_69,SC-20725,89.60000000000001,8/30/2010,20,4
222,OF_41,SC-20725,431.64,9/11/2009,40,4
223,TE_13,SC-20725,352.35900000000004,9/11/2009,49,4
224,OF_70,SC-20725,977.2992,7/16/2009,47,4
225,OF_71,AD-10180,259.4592,11/15/2012,44,3
226,OF_72,PF-19165,195.6288,9/10/2011,6,3
227,OF_15,TS-21610,460.512,4/10/2011,30,2
228,OF_73,TS-21610,247.779,4/10/2011,23,2
229,OF_74,LS-16975,1285.0543999999998,4/10/2011,37,2
230,OF_75,LS-16975,28.1918,10/9/2011,1,2
231,OF_76,DW-13585,1320.1188,10/9/2011,42,4
232,FU_27,DW-13585,5290.1212000000005,10/23/2012,34,4
233,TE_22,DW-13585,292.2525,1/8/2012,15,4
234,OF_77,LC-16885,9062.7264,1/25/2010,48,2
235,FU_28,LC-16885,1459.8954,1/25/2010,27,2
236,FU_01,LC-16885,270.5136,1/27/2011,42,2
237,TE_23,LC-16885,5332.196999999999,1/27/2011,39,2
238,OF_78,LC-16885,75.0295,1/27/2011,35,2
239,OF_79,LC-16885,2008.51,8/27/2009,50,2
240,FU_29,LC-16885,4303.807199999999,3/17/2011,18,2
241,FU_30,JD-15895,1645.5768,3/17/2011,42,4
242,FU_31,SH-19975,389.98,6/6/2012,31,2
243,FU_32,SH-19975,1731.3912,4/11/2011,36,2
244,FU_33,SH-19975,3662.6688,4/11/2011,36,2
245,OF_80,SG-20080,25.6256,4/11/2011,4,3
246,TE_24,HA-14920,300.4416,11/6/2012,32,2
247,FU_34,MG-17680,205.66260000000003,11/6/2012,17,4
248,TE_25,JE-16165,118.746,5/16/2012,3,3
249,OF_81,JE-16165,278.08,4/9/2012,8,3
250,TE_26,JE-16165,1510.0503,4/9/2012,29,3
251,OF_82,JE-16165,116.964,8/5/2012,19,3
252,OF_83,TW-21025,250.2864,7/22/2009,9,2
253,OF_84,TW-21025,46.956,5/9/2010,10,2
254,OF_85,SP-20650,3.5328,5/9/2010,1,2
255,FU_35,SP-20650,9718.254,2/18/2009,30,2
256,FU_36,SP-20650,1680.0,2/18/2009,8,2
257,FU_37,NK-18490,1890.6173,6/27/2012,47,2
258,OF_86,DB-13060,16.513199999999998,6/27/2012,6,2
259,TE_27,NP-18670,7108.4643,6/27/2012,49,3
260,OF_87,NP-18670,135.6696,9/30/2010,6,3
261,OF_88,TT-21070,131.495,4/15/2010,25,2
262,OF_89,EM-13960,121.94,4/15/2010,20,4
263,TE_28,RD-19900,5114.1264,9/14/2011,4,2
264,FU_26,MJ-17740,1726.1426,9/21/2010,7,2
265,TE_29,BM-11140,591.5636999999999,8/17/2010,31,3
266,OF_87,BM-11140,592.0128,9/16/2009,27,3
267,FU_38,BM-11140,1140.174,6/22/2009,7,3
268,FU_39,BM-11140,3253.5432,8/28/2012,27,3
269,OF_90,BM-11140,186.95040000000003,6/7/2011,48,3
270,OF_91,BM-11140,205.87840000000003,6/7/2011,8,3
271,TE_30,BM-11140,2088.9869000000003,6/7/2011,41,3
272,OF_92,CS-12130,108.3,10/9/2009,30,2
273,TE_31,CS-12130,419.4645,10/9/2009,15,2
274,TE_32,CS-12130,6173.509999999999,10/9/2009,49,2
275,TE_33,JB-15400,188.91,12/5/2010,9,3
276,OF_93,JB-15400,22877.82,6/7/2009,18,3
277,OF_94,SJ-20500,243.82890000000003,7/27/2009,21,3
278,OF_95,JE-15745,364.716,9/5/2011,30,4
279,TE_34,JE-15745,1143.4535999999998,1/11/2009,31,4
280,TE_35,JK-15640,33.8024,8/15/2010,2,4
281,OF_96,DK-13150,136.75199999999998,8/15/2010,11,3
282,OF_68,DK-13150,75.73440000000001,8/5/2009,49,3
283,FU_40,RM-19675,724.8420000000001,9/17/2011,31,1
284,OF_97,RM-19675,398.37840000000006,10/22/2011,42,1
285,OF_98,RM-19675,454.328,11/14/2009,8,1
286,TE_36,SK-19990,637.2564,11/14/2009,33,4
287,OF_68,FM-14290,52.6848,7/3/2010,32,2
288,OF_99,AM-10360,299.484,7/3/2010,47,3
289,TE_37,AM-10360,16569.7542,1/30/2009,31,3
290,OF_100,MP-17470,565.4285,3/15/2012,17,4
291,TE_38,MP-17470,1920.457,8/10/2009,35,4
292,FU_41,MP-17470,999.81,4/1/2010,21,4
293,OF_101,MP-17470,796.176,4/1/2010,16,4
294,FU_08,MP-17470,425.565,7/31/2010,49,4
295,TE_39,MZ-17515,272.87,5/29/2009,13,2
296,TE_13,CB-12025,316.40400000000005,10/11/2010,44,4
297,OF_102,CB-12025,14.6688,5/18/2010,2,4
298,OF_103,VM-21685,111.5985,2/8/2011,13,4
299,OF_104,FH-14365,101.6064,12/7/2010,16,4
300,OF_105,FH-14365,73.0944,12/7/2010,27,4
301,FU_42,MB-17305,25372.224,1/6/2009,30,4
302,TE_40,BS-11755,2644.7652,3/12/2012,14,2
303,TE_41,BS-11755,499.6888,8/26/2010,26,2
304,OF_106,LC-17140,304.7856,8/26/2010,28,3
305,OF_55,HK-14890,157.8486,8/26/2010,42,1
306,OF_86,LE-16810,95.076,6/20/2011,38,2
307,TE_42,JH-15985,14.48,8/4/2010,1,3
308,TE_43,JH-15985,2591.7408,8/4/2010,27,3
309,OF_107,JH-15985,9.8604,8/4/2010,2,3
310,OF_108,JH-15985,257.166,11/23/2010,13,3
311,TE_44,JH-15985,7669.088700000001,11/23/2010,43,3
312,TE_40,MS-17980,4678.5816,8/2/2009,24,3
313,FU_43,VW-21775,932.8869,8/10/2011,23,4
314,FU_44,VW-21775,5703.023999999999,8/10/2011,17,4
315,TE_45,VW-21775,2987.793,5/6/2010,41,4
316,FU_45,VW-21775,9569.388,6/28/2012,47,4
317,FU_46,VW-21775,3661.06,6/28/2012,26,4
318,FU_47,JH-15910,130.8672,3/23/2011,6,2
319,FU_11,JH-15910,417.582,11/19/2011,22,2
320,TE_46,JB-15925,4097.6481,11/26/2012,3,4
321,TE_22,JB-15925,589.3235,7/29/2010,29,4
322,OF_109,JB-15925,605.0278,7/29/2010,26,4
323,OF_110,JB-15925,544.2528000000001,5/12/2012,24,4
324,TE_15,JB-15925,254.2512,3/3/2012,7,4
325,OF_111,JB-15925,558.1439999999999,3/3/2012,15,4
326,OF_112,DS-13180,117.3991,8/20/2010,49,3
327,FU_48,DS-13180,746.68,6/27/2010,22,3
328,TE_47,DS-13180,240.1539,6/27/2010,31,3
329,OF_25,VD-21670,655.6031999999999,10/29/2012,36,1
330,FU_49,VD-21670,4484.106,1/16/2010,30,1
331,FU_46,EA-14035,811.0655999999999,6/29/2012,6,1
332,OF_113,CS-12400,252.15360000000004,8/8/2011,12,1
333,OF_114,CS-12400,632.632,8/8/2011,20,1
334,OF_115,CS-12400,30.096,2/21/2010,11,1
335,TE_48,CS-12400,5355.74,6/20/2011,26,1
336,OF_116,CS-12400,39.74400000000001,9/4/2009,8,1
337,TE_49,DB-13120,76.986,9/4/2009,10,2
338,FU_50,KL-16645,260.35240000000005,9/4/2009,22,3
339,TE_50,KL-16645,7188.019200000001,9/4/2009,48,3
340,FU_51,KL-16645,24.8724,6/21/2009,1,3
341,TE_51,KL-16645,521.2944,2/8/2012,48,3
342,TE_52,KL-16645,1033.8965999999998,3/11/2009,11,3
343,OF_117,KL-16645,3477.06,3/11/2009,18,3
344,TE_39,KL-16645,849.6752,3/11/2009,44,3
345,FU_52,DW-13480,58.7706,6/4/2011,3,3
346,TE_53,DW-13480,5586.259999999999,3/2/2012,37,3
347,OF_118,DW-13480,17272.8288,8/12/2011,48,3
348,TE_54,DW-13480,2879.84,8/12/2011,16,3
349,OF_119,DW-13480,194.112,9/1/2009,32,3
350,OF_120,LH-17155,313.632,1/26/2010,32,2
351,OF_121,KC-16540,121.8888,1/26/2010,19,2
352,OF_122,KC-16540,219.5004,9/2/2011,1,2
353,FU_53,DL-13315,4457.787599999999,9/2/2011,34,4
354,OF_123,DL-13315,50.0136,2/7/2012,1,4
355,OF_124,DR-12880,55.0746,2/7/2012,47,3
356,OF_125,DR-12880,140.4858,3/19/2011,31,3
357,OF_126,DR-12880,349.98569999999995,5/8/2011,19,3
358,OF_127,DR-12880,1596.1356,9/25/2009,37,3
359,OF_128,CC-12670,493.24,9/25/2009,40,4
360,OF_129,CC-12670,20.729,7/9/2012,2,4
361,OF_39,CC-12670,152.8362,1/14/2010,31,4
362,OF_130,Dl-13600,765.2192,8/26/2009,2,3
363,TE_55,SB-20290,890.865,10/8/2009,15,3
364,TE_10,SB-20290,3856.6675,11/10/2011,35,3
365,TE_56,RC-19825,46.184,4/15/2012,10,3
366,OF_58,AH-10210,188.48,1/2/2012,10,2
367,OF_131,CB-12535,267.3,3/8/2011,40,1
368,OF_132,PG-18895,258.3,7/2/2009,50,4
369,TE_57,CA-12310,12082.552300000005,7/2/2009,49,4
370,FU_54,CA-12310,5684.1444,4/15/2011,22,4
371,OF_133,KH-16690,18060.9345,11/25/2011,49,2
372,FU_55,HA-14920,7727.039999999999,11/25/2011,48,2
373,OF_134,HA-14920,32.8636,4/25/2012,11,2
374,TE_21,HA-14920,16099.678000000002,3/26/2011,35,2
375,OF_07,BB-10990,5774.251999999999,3/26/2011,44,2
376,OF_135,BB-10990,691.5905999999999,7/14/2010,17,2
377,OF_21,AG-10495,325.6605,7/14/2010,45,4
378,TE_58,AG-10495,2233.1016,10/23/2010,36,4
379,OF_136,AG-10495,200.0916,8/24/2009,27,4
380,FU_43,AG-10495,231.0708,6/9/2011,6,4
381,FU_56,SC-20725,6280.05,11/23/2012,21,3
382,FU_57,SC-20725,787.671,11/23/2012,3,3
383,TE_59,JO-15280,147.537,11/23/2012,5,2
384,OF_130,TB-21520,773.5368,5/1/2009,2,2
385,FU_58,TB-21520,76.56960000000001,5/11/2012,4,2
386,OF_85,TB-21520,103.8128,5/11/2012,31,2
387,OF_94,AH-10195,298.7712,10/15/2010,26,1
388,OF_137,AH-10195,920.1556,10/15/2010,34,1
389,OF_138,AH-10195,2129.0433000000003,10/15/2010,23,1
390,OF_139,NZ-18565,3463.4879999999994,7/23/2011,12,4
391,TE_60,NZ-18565,1746.1416,7/23/2011,42,4
392,OF_140,NZ-18565,391.4316,7/11/2011,14,4
393,OF_141,NZ-18565,83.496,9/16/2012,15,4
394,OF_142,KL-16555,416.9088,9/16/2012,28,2
395,OF_65,KL-16555,240.534,1/16/2009,46,2
396,OF_143,KL-16555,71.9837,1/16/2009,41,2
397,OF_144,KL-16555,24.048,10/20/2010,4,2
398,OF_145,KL-16555,103.9878,10/20/2010,27,2
399,TE_53,JD-15895,1183.6832,8/30/2010,8,4
400,OF_146,JD-15895,26.4,8/30/2010,15,4
401,OF_147,JD-15895,3347.8038,5/7/2010,19,4
402,FU_59,JD-15895,158.68159999999995,6/21/2011,8,4
403,FU_49,JD-15895,5694.9656,11/24/2010,41,4
404,TE_33,JH-15910,62.34029999999999,4/27/2012,3,3
405,TE_61,AS-10225,1567.9223999999997,8/28/2012,24,4
406,OF_148,KB-16600,97.384,7/31/2011,20,3
407,OF_149,CR-12625,314.4576,7/31/2011,19,4
408,OF_150,CR-12625,26.026,10/6/2012,11,4
409,OF_151,SH-20395,111.3768,10/6/2012,8,1
410,TE_62,BP-11185,224.4064,2/6/2010,4,2
411,OF_137,BP-11185,743.5,2/6/2010,25,2
412,OF_152,BP-11185,44.93280000000001,2/6/2010,4,2
413,OF_153,BP-11185,359.879,10/17/2011,13,2
414,OF_154,TS-21205,342.23999999999995,8/20/2009,31,4
415,OF_64,AG-10525,46.158,8/20/2009,3,1
416,OF_155,AG-10525,10047.143,8/20/2009,47,1
417,OF_156,SP-20860,129.78,6/14/2010,14,4
418,OF_157,NM-18445,33.516,6/14/2010,5,4
419,TE_63,NM-18445,217.5264,6/14/2010,48,4
420,TE_64,NM-18445,411.59039999999993,6/14/2010,13,4
421,TE_65,NM-18445,14598.2658,2/27/2010,31,4
422,OF_158,NM-18445,33.2514,8/15/2009,13,4
423,OF_21,FA-14230,171.054,8/15/2009,26,2
424,TE_08,GK-14620,944.55,8/15/2009,50,2
425,OF_159,GK-14620,31.3992,5/14/2011,6,2
426,OF_160,DJ-13510,192.9718,10/7/2010,49,1
427,TE_66,PO-18850,1745.8253999999995,10/7/2010,18,4
428,OF_106,PO-18850,309.5334,10/7/2010,27,4
429,OF_161,PO-18850,15.792,10/23/2009,5,4
430,TE_67,PO-18850,12368.823299999998,10/23/2009,19,4
431,OF_162,PO-18850,146.01,6/9/2010,31,4
432,OF_163,JL-15850,211.8168,1/10/2011,39,4
433,FU_36,JL-15850,5696.25,1/10/2011,28,4
434,TE_68,JL-15850,338.1368,1/30/2009,23,4
435,OF_164,DB-13615,956.745,3/28/2011,45,2
436,OF_96,DB-13615,553.8715,3/28/2011,47,2
437,TE_69,DB-13615,926.5806,11/22/2010,6,2
438,TE_70,AC-10420,1163.9166,5/30/2011,33,2
439,TE_43,AC-10420,2255.7744,5/13/2012,24,2
440,OF_165,KL-16645,1126.8864,6/8/2010,24,2
441,OF_166,JD-15895,174.1068,11/29/2009,47,4
442,TE_71,JD-15895,1101.3366,9/1/2012,46,4
443,TE_22,JD-15895,62.221500000000006,2/26/2010,3,4
444,OF_167,JD-15895,515.016,2/26/2010,10,4
445,OF_46,CS-12130,1311.8760000000002,2/26/2010,18,3
446,OF_152,CC-12550,363.3696,5/21/2012,32,2
447,OF_168,TD-20995,204.608,11/8/2009,16,4
448,FU_60,TD-20995,51.615,8/27/2010,1,4
449,OF_169,TD-20995,240.7152,8/17/2012,47,4
450,FU_61,AB-10060,5568.184,8/17/2012,20,4
451,FU_09,AB-10060,2514.1898,11/9/2012,29,4
452,OF_93,AB-10060,18492.9045,11/9/2012,15,4
453,FU_62,AB-10060,4772.012,6/2/2011,40,4
454,OF_126,AB-10060,565.1424,8/10/2011,31,4
455,FU_17,JL-15505,8047.152000000001,8/10/2011,41,4
456,FU_63,JL-15505,110.5104,8/10/2011,6,4
457,OF_170,JL-15505,65.4,8/10/2011,30,4
458,TE_63,JL-15505,65.5368,2/27/2009,14,4
459,TE_72,HK-14890,646.702,6/7/2010,10,1
460,TE_73,VB-21745,2507.62,2/17/2012,38,1
461,FU_64,VB-21745,1272.4607999999998,2/23/2012,26,1
462,FU_65,KW-16435,4302.3744,2/23/2012,36,4
463,OF_164,KW-16435,325.8528,2/23/2012,16,4
464,FU_66,KW-16435,1323.558,10/15/2009,23,4
465,OF_171,KW-16435,11.770499999999998,3/13/2009,3,4
466,FU_62,JD-16060,4161.9816,3/12/2010,36,2
467,OF_172,MK-17905,173.95,7/7/2009,25,4
468,OF_173,MK-17905,465.6564,11/21/2012,22,4
469,TE_74,MK-17905,345.504,11/21/2012,10,4
470,TE_75,MK-17905,2101.5956,11/21/2012,26,4
471,TE_31,GT-14755,802.053,3/2/2009,29,3
472,OF_64,GT-14755,107.702,9/22/2011,7,3
473,OF_154,AG-10900,11.5,7/21/2011,1,2
474,OF_27,AG-10900,195.552,7/13/2009,45,2
475,OF_174,AG-10900,312.064,3/29/2010,5,2
476,FU_12,AG-10900,8219.712,3/29/2010,31,2
477,TE_76,MM-18280,1199.5604999999998,2/6/2010,15,3
478,FU_67,AR-10405,6893.614,9/12/2012,35,4
479,TE_73,RA-19915,776.0423999999999,12/22/2010,12,3
480,OF_175,RA-19915,3408.562,5/30/2009,4,3
481,OF_176,RA-19915,268.0786,12/21/2012,19,3
482,TE_29,AS-10285,498.0375,12/21/2012,25,2
483,TE_77,AS-10285,94.094,12/21/2012,10,2
484,OF_177,LA-16780,209.4848,2/14/2012,32,3
485,FU_68,DO-13435,195.4,7/3/2010,20,1
486,OF_178,DO-13435,1239.028,5/16/2011,17,1
487,OF_179,DK-13225,2292.4356,3/7/2010,42,4
488,TE_72,DK-13225,2560.412,4/27/2009,40,4
489,OF_109,NG-18430,483.63839999999993,4/7/2012,21,4
490,OF_180,MV-18190,6163.6419000000005,12/31/2010,39,4
491,OF_181,MV-18190,467.685,2/2/2010,45,4
492,OF_182,JG-15115,843.3684,2/2/2010,21,2
493,OF_183,JG-15115,104.7052,4/15/2012,19,2
494,TE_72,BP-11095,1319.8,4/15/2012,20,3
495,OF_184,VP-21730,212.7792,5/19/2010,48,2
496,OF_185,SS-20140,337.3854,5/19/2010,34,4
497,TE_78,SS-20140,14882.4324,5/19/2010,34,4
498,FU_69,HP-14815,25.578,7/27/2009,15,3
499,TE_26,AG-10675,52.0707,3/31/2009,1,3
500,FU_19,AG-10675,834.8885999999999,6/11/2012,27,3
501,TE_79,AG-10675,7396.432000000001,9/1/2010,40,3
502,FU_70,AG-10675,666.3510000000001,8/9/2012,5,3
503,FU_66,LF-17185,2365.78,5/7/2010,37,1
504,TE_80,SP-20650,3908.2428,5/7/2010,28,1
505,TE_33,RF-19840,777.6794999999998,8/25/2011,39,4
506,TE_34,KH-16510,737.712,9/21/2010,20,2
507,OF_136,KH-16510,133.5472,9/21/2010,19,2
508,FU_71,KH-16510,273.7,6/30/2012,5,2
509,OF_186,KH-16510,212.058,1/17/2011,34,2
510,OF_17,KH-16510,30.672,10/10/2010,12,2
511,OF_187,KH-16510,141.6248,6/9/2011,43,2
512,OF_188,KH-16510,100.03499999999998,6/9/2011,18,2
513,OF_189,KH-16510,132.1922,6/9/2011,41,2
514,OF_190,KH-16510,284.6016,6/26/2012,27,2
515,OF_191,KC-16675,373.15199999999993,3/16/2010,46,2
516,FU_72,KC-16675,43.3504,11/13/2010,8,2
517,OF_192,CJ-12010,56.5632,11/14/2009,12,2
518,OF_193,PB-19150,749.8176,11/14/2009,48,2
519,OF_87,VB-21745,86.792,9/12/2011,4,1
520,TE_81,SP-20860,9306.96,11/23/2009,48,2
521,OF_194,SP-20860,93.3945,7/10/2010,1,2
522,OF_195,JE-15745,1474.4963999999998,3/6/2009,26,2
523,TE_23,MP-17965,683.6149999999999,2/17/2011,5,4
524,OF_95,MP-17965,11.788799999999998,2/17/2011,1,4
525,FU_73,NF-18385,1238.7456,11/19/2011,12,1
526,OF_196,JM-15265,44.7083,6/3/2011,17,3
527,OF_197,JM-15265,41.96,5/25/2010,2,3
528,FU_74,SD-20485,1995.84,5/25/2010,20,4
529,OF_198,KH-16630,3447.93,5/30/2009,30,3
530,OF_199,RB-19795,664.4274,8/30/2012,43,1
531,OF_128,RB-19795,597.08,12/16/2011,50,1
532,TE_13,RB-19795,67.5954,12/9/2009,9,1
533,TE_82,RB-19795,9315.4047,7/3/2012,49,1
534,FU_75,DB-13060,252.0432,12/24/2010,2,4
535,TE_83,MK-18160,592.1529999999999,5/17/2011,5,1
536,TE_84,MK-18160,109.0306,1/11/2012,1,1
537,OF_200,PO-19180,1241.3855999999998,10/3/2011,39,3
538,FU_76,PO-19180,3775.134,10/3/2011,22,3
539,OF_201,BB-11545,2.7648,3/5/2010,1,3
540,OF_202,CV-12805,128.5074,3/5/2010,47,4
541,OF_95,PK-19075,565.8624,11/5/2011,48,3
542,FU_44,PK-19075,15253.4925,11/5/2011,45,3
543,TE_85,PK-19075,667.7544,1/5/2009,6,3
544,OF_203,PK-19075,615.44,11/25/2010,28,3
545,TE_86,PK-19075,660.0672000000001,4/8/2011,43,3
546,OF_204,PK-19075,50.179,4/8/2011,19,3
547,OF_205,TB-21595,44.38419999999999,4/8/2011,7,3
548,OF_145,RB-19360,76.242,4/8/2011,20,4
549,FU_75,RB-19360,5544.9504,3/31/2010,44,4
550,OF_206,RB-19360,180.5223,3/10/2012,47,4
551,OF_65,RB-19360,221.53529999999995,2/20/2009,41,4
552,FU_08,RB-19360,453.936,2/20/2009,49,4
553,FU_28,RB-19360,575.586,10/1/2009,10,4
554,TE_87,EB-13705,4688.2176,11/1/2012,44,4
555,OF_207,EB-13705,2574.2520000000004,7/21/2011,10,4
556,OF_208,KH-16630,1494.35,11/23/2010,20,3
557,OF_209,SC-20095,744.24,2/6/2010,21,2
558,OF_210,NF-18385,196.2378,1/4/2011,17,3
559,OF_211,NF-18385,78.8096,1/4/2011,8,3
560,FU_77,JH-15985,177.1588,8/2/2009,31,2
561,TE_88,JH-15985,448.79939999999993,6/5/2010,21,2
562,FU_13,JH-15985,297.97020000000003,8/2/2009,1,2
563,OF_212,TN-21040,2105.7148,12/28/2010,14,2
564,TE_89,TN-21040,352.422,10/10/2012,7,2
565,OF_11,TN-21040,144.88320000000002,4/2/2011,28,2
566,FU_78,TN-21040,379.5,11/25/2009,50,2
567,OF_213,TN-21040,168.69580000000002,11/25/2009,31,2
568,TE_90,JS-15940,2550.14,4/11/2012,1,3
569,OF_214,DS-13180,721.24,2/16/2010,13,3
570,TE_91,CC-12670,1226.2769999999998,9/24/2010,47,3
571,OF_215,MH-17785,172.341,2/21/2009,39,4
572,FU_79,JP-15520,2599.6971,2/21/2009,11,2
573,OF_98,JP-15520,1817.312,11/11/2012,32,2
574,OF_55,JP-15520,172.634,11/11/2012,44,2
575,OF_216,JP-15520,368.0424,11/11/2012,12,2
576,FU_80,JP-15520,191.88,10/27/2011,26,2
577,OF_217,JP-15520,757.3697999999999,12/16/2009,29,2
578,OF_218,KH-16690,50.2848,5/7/2010,24,2
579,OF_219,JE-15475,1780.2216,1/8/2011,36,4
580,FU_25,JG-15805,8.32,7/9/2012,4,4
581,OF_220,JG-15805,247.6656,7/9/2012,39,4
582,OF_221,XP-21865,295.65900000000005,7/9/2012,5,2
583,FU_81,EM-14065,775.3535999999999,3/9/2009,42,4
584,FU_13,EM-14065,6576.413,12/30/2011,23,4
585,FU_07,MT-18070,9784.1394,12/30/2011,21,2
586,TE_60,MT-18070,780.8832,12/30/2011,18,2
587,OF_222,MT-18070,198.2232,3/29/2009,18,2
588,OF_223,SA-20830,129.67499999999998,2/13/2011,30,3
589,TE_92,CW-11905,259.168,1/28/2011,10,3
590,FU_82,CW-11905,101.1816,1/28/2011,26,3
591,OF_224,CW-11905,79.8161,9/8/2012,7,3
592,OF_188,AJ-10960,204.282,9/8/2012,36,4
593,FU_83,AJ-10960,11565.1368,5/18/2009,42,4
594,OF_147,SS-20590,5467.5456,7/29/2012,32,2
595,FU_64,RO-19780,783.0527999999999,7/29/2012,16,1
596,OF_225,MD-17350,903.152,4/22/2012,20,1
597,OF_226,SC-20095,88.74,7/16/2012,34,2
598,TE_86,SC-20095,669.1814999999999,9/22/2012,45,2
599,OF_227,SC-20095,266.2848,5/20/2010,36,2
600,FU_84,SC-20095,38.5344,5/20/2010,18,2
601,OF_96,MY-17380,516.7049999999999,12/2/2009,42,2
602,TE_84,MY-17380,4205.7974,6/1/2010,37,2
603,TE_93,MY-17380,2357.1628,9/25/2010,38,2
604,TE_94,MY-17380,212.534,11/19/2012,14,2
605,OF_228,MY-17380,1538.082,12/14/2010,12,2
606,OF_229,EB-13705,201.16,10/25/2012,50,4
607,OF_230,CM-12385,1015.0272,6/17/2010,18,1
608,OF_52,CM-12385,265.50600000000003,6/17/2010,1,1
609,OF_231,CM-12385,6871.572,6/29/2012,46,1
610,OF_232,CM-12385,51.8364,2/1/2009,17,1
611,FU_85,LS-17245,4555.0848,8/25/2011,37,3
612,OF_233,LS-17245,428.8788,6/20/2009,42,3
613,TE_95,LF-17185,710.1864,5/3/2010,24,4
614,TE_96,BN-11515,1311.552,4/7/2009,36,2
615,TE_74,BN-11515,1025.715,9/2/2011,30,2
616,OF_234,AD-10180,5863.752,4/14/2011,36,2
617,FU_49,AD-10180,815.292,2/13/2011,6,2
618,OF_235,AD-10180,162.1917,2/13/2011,43,2
619,OF_154,AD-10180,423.2,7/30/2011,40,2
620,OF_236,DB-13210,821.2027999999999,8/10/2010,38,3
621,OF_237,DB-13210,509.542,8/10/2010,46,3
622,OF_238,DB-13210,586.0400000000001,4/6/2009,50,3
623,OF_239,MC-17605,254.5648,10/26/2010,17,3
624,FU_86,LH-17155,11918.808,10/26/2010,40,2
625,TE_97,LH-17155,2341.9851,5/26/2012,39,2
626,OF_215,BD-11605,230.9664,5/26/2012,49,4
627,OF_240,PH-18790,25.2525,5/26/2012,1,1
628,FU_87,PH-18790,3231.7376000000004,9/10/2012,32,1
629,OF_241,MG-18145,54.7398,9/10/2012,27,4
630,TE_67,MG-18145,6173.9118,9/10/2012,9,4
631,TE_98,MG-18145,2663.76,9/10/2012,25,4
632,OF_242,KB-16240,100.5888,3/16/2011,31,2
633,OF_243,JC-15340,270.94,6/18/2011,31,2
634,OF_244,RL-19615,15.512399999999996,1/11/2011,6,1
635,FU_82,RL-19615,59.61599999999999,1/11/2011,15,1
636,OF_37,AA-10375,116.964,1/11/2011,19,2
637,OF_245,EP-13915,68.1912,1/11/2011,21,3
638,OF_246,MP-17470,418.0949999999999,3/5/2009,45,4
639,OF_247,DK-12985,86.7888,3/5/2009,27,1
640,OF_96,DK-12985,542.087,12/14/2009,46,1
641,OF_110,BD-11500,199.36,12/14/2009,8,3
642,TE_99,ES-14080,3031.488,2/2/2009,38,2
643,FU_88,LM-17065,3553.6788,2/2/2009,42,4
644,OF_248,PG-18895,161.7408,8/26/2009,26,3
645,TE_100,PG-18895,1562.0094,3/6/2012,42,3
646,FU_13,PG-18895,4758.4938,11/19/2009,17,3
647,OF_249,AS-10135,685.4166,11/19/2009,33,4
648,OF_250,AS-10135,275.5584,7/24/2010,48,4
649,OF_251,DK-13225,44.6688,8/4/2010,9,3
650,OF_252,DK-13225,767.9056,8/4/2010,44,3
651,TE_101,DK-13225,868.4283999999999,8/4/2010,14,3
652,FU_89,BD-11320,209.9592,3/7/2011,44,2
653,TE_102,RC-19960,2141.83,10/20/2011,17,1
654,OF_253,GT-14710,228.65680000000003,8/4/2009,43,3
655,FU_53,DK-13225,4060.2239999999993,4/28/2010,30,2
656,FU_62,AJ-10945,3037.853,4/28/2010,26,1
657,OF_254,OT-18730,146.44709999999998,4/22/2009,29,2
658,TE_92,OT-18730,1127.808,12/4/2011,44,2
659,OF_255,OT-18730,9023.13,8/6/2010,27,2
660,OF_16,LP-17080,77.75999999999999,8/6/2010,27,2
661,TE_103,LP-17080,845.8308,9/15/2011,18,2
662,FU_52,CA-12775,523.5380999999999,10/2/2009,27,1
663,OF_256,CA-12775,304.8912,3/1/2009,8,1
664,FU_90,JF-15490,163.4304,6/24/2009,16,2
665,OF_86,JF-15490,107.864,6/24/2009,40,2
666,OF_257,FP-14320,168.2174,1/16/2011,29,2
667,TE_104,EB-13840,884.2714,1/20/2012,38,2
668,TE_105,EB-13840,184.1121,1/20/2012,3,2
669,TE_21,EB-13840,2399.952,5/21/2010,5,2
670,FU_03,EB-13840,272.646,3/15/2012,3,2
671,FU_91,JF-15415,400.804,3/15/2012,8,4
672,OF_140,JF-15415,892.4184,8/7/2011,34,4
673,TE_43,JF-15415,1580.8419,8/7/2011,17,4
674,OF_173,JF-15415,369.4464,5/21/2011,18,4
675,FU_92,SF-20200,14224.3785,5/21/2011,43,2
676,OF_195,TG-21640,1419.6144,10/11/2010,24,2
677,FU_93,TG-21640,6558.689200000001,10/11/2010,23,2
678,TE_106,TG-21640,294.30999999999995,12/22/2010,10,2
679,OF_258,CS-11950,433.7872,7/3/2009,44,3
680,FU_94,CS-11950,688.6999999999999,5/27/2009,50,3
681,TE_61,CC-12145,989.85,6/20/2011,15,2
682,OF_250,DV-13465,105.6666,8/22/2012,19,2
683,TE_55,DV-13465,2944.4737999999998,8/22/2012,46,2
684,TE_107,DV-13465,8249.85,1/26/2011,15,2
685,OF_259,DV-13465,1552.3536,12/3/2012,24,2
686,OF_260,DV-13465,98.42,9/6/2010,20,2
687,OF_261,BD-11725,2349.0684,3/29/2011,6,1
688,FU_95,BD-11725,1115.2596,3/29/2011,42,1
689,OF_262,ZC-21910,96.192,8/20/2010,16,2
690,OF_263,ZC-21910,7534.339199999999,12/2/2010,36,2
691,OF_17,ZC-21910,59.64,12/2/2010,21,2
692,FU_96,ZC-21910,1143.36,12/2/2010,36,2
693,FU_97,MS-17830,68.5776,3/26/2011,12,3
694,TE_15,MS-17830,1440.2304,12/19/2009,38,3
695,FU_98,LR-16915,138.528,12/19/2009,39,2
696,OF_264,LR-16915,467.406,4/29/2011,45,2
697,TE_108,LR-16915,9211.53,10/24/2010,50,2
698,OF_265,LR-16915,1138.2742,10/24/2010,7,2
699,OF_23,TP-21130,278.82,5/12/2010,9,4
700,OF_266,CK-12205,652.1472,5/12/2010,34,4
701,TE_11,CK-12205,3593.2348,4/11/2010,31,4
702,FU_99,CK-12205,6436.8,1/24/2009,30,4
703,TE_109,AS-10240,4073.7963,1/24/2009,21,1
704,OF_267,AS-10240,226.632,11/17/2010,42,1
705,FU_11,AS-10240,631.7675999999999,11/17/2010,34,1
706,TE_110,AS-10240,2317.9156000000003,9/29/2010,28,1
707,OF_268,AS-10240,21.534,8/3/2010,15,1
708,OF_234,AR-10510,7485.332799999999,6/13/2011,44,4
709,OF_269,AR-10510,2411.2088000000003,5/5/2010,44,4
710,TE_109,AR-10510,3905.8047,5/5/2010,21,4
711,FU_34,NB-18655,10.998,8/30/2010,1,3
712,OF_270,NB-18655,86.11200000000001,10/30/2012,16,3
713,OF_163,GD-14590,190.7928,10/30/2012,33,4
714,OF_271,GD-14590,180.68800000000005,7/15/2009,40,4
715,TE_111,CK-12595,3464.9900999999995,7/15/2009,1,4
716,OF_163,CK-12595,45.3184,7/15/2009,8,4
717,FU_100,NG-18355,24298.218,8/7/2012,45,4
718,TE_60,NG-18355,1571.7081999999998,2/1/2009,37,4
719,TE_112,NG-18355,655.3575,7/7/2012,15,4
720,TE_113,NG-18355,312.9448,3/27/2009,41,4
721,FU_91,NG-18355,2404.3075,3/27/2009,49,4
722,OF_262,CA-12265,13.2264,3/27/2009,2,3
723,TE_114,SF-20965,6177.249000000001,3/27/2009,39,3
724,TE_21,SF-20965,10579.7884,9/23/2010,23,3
725,FU_101,SF-20965,21.3408,3/28/2011,1,3
726,OF_272,SF-20965,121.5324,7/1/2009,27,3
727,OF_273,MO-17800,541.632,12/11/2010,28,4
728,OF_274,AT-10735,273.71520000000004,9/16/2009,44,2
729,OF_275,LC-17140,158.6816,2/4/2011,49,2
730,OF_276,LC-17140,1912.0976,9/11/2010,29,2
731,OF_277,FM-14380,28.322000000000003,3/2/2010,10,2
732,FU_102,FM-14380,1330.504,3/2/2010,35,2
733,OF_278,FM-14380,109.369,3/2/2010,13,2
734,FU_103,BD-11605,25.0978,9/15/2009,2,1
735,TE_115,BD-11605,1260.2304,12/30/2010,13,1
736,OF_279,DJ-13420,147.42000000000002,12/30/2010,25,1
737,TE_115,ME-17725,817.9380000000001,7/25/2011,9,2
738,TE_116,ME-17725,22799.62,12/23/2009,38,2
739,OF_150,RB-19465,20.384,10/31/2012,8,2
740,OF_280,RB-19465,591.8458,12/22/2009,31,2
741,OF_281,JD-16150,12.8064,4/14/2012,4,3
742,OF_282,JL-15835,145.6812,5/13/2011,42,2
743,OF_283,JL-15835,140.21280000000002,5/13/2011,36,2
744,OF_261,SC-20305,7518.7028,12/7/2011,19,3
745,FU_104,TW-21025,1191.6,12/7/2011,50,4
746,OF_267,CC-12430,96.10559999999998,12/4/2010,18,3
747,OF_176,BB-10990,366.8444,11/24/2009,26,2
748,TE_96,BB-10990,515.7152,11/24/2009,14,2
749,OF_95,AR-10825,11.666,11/24/2009,1,2
750,OF_103,AR-10825,274.704,9/13/2011,32,2
751,FU_105,AR-10825,1897.758,9/13/2011,18,2
752,OF_284,SR-20740,2289.924,12/3/2010,24,4
753,FU_64,AR-10405,1725.1631999999995,12/18/2011,36,4
754,FU_106,AR-10405,510.3,12/18/2011,35,4
755,FU_107,CR-12730,777.9816,12/18/2011,18,4
756,TE_117,CR-12730,852.7464,8/9/2012,44,4
757,TE_51,CR-12730,422.7838,8/9/2012,41,4
758,OF_285,EH-14125,326.76480000000004,8/24/2010,31,3
759,OF_286,EH-14125,610.4706,5/22/2011,46,3
760,TE_118,CB-12025,392.886,5/22/2011,46,3
761,FU_45,CB-12025,9313.8,11/18/2012,43,3
762,FU_108,CB-12025,806.2821,6/28/2012,39,3
763,TE_119,CB-12025,1978.6866,6/28/2012,38,3
764,TE_95,SP-20545,1389.885,2/4/2009,50,4
765,OF_287,RC-19825,161.796,2/4/2009,20,1
766,FU_65,TH-21235,4683.3138,12/25/2009,38,3
767,OF_44,TH-21235,939.06,9/26/2011,47,3
768,FU_109,TH-21235,299.25,9/22/2011,38,3
769,OF_188,RP-19390,127.764,9/22/2011,24,4
770,OF_92,MO-17800,84.77799999999999,2/15/2009,23,3
771,OF_288,MO-17800,148.428,2/15/2009,20,3
772,FU_110,MO-17800,17856.372,2/15/2009,46,3
773,OF_289,TD-20995,21.6216,10/11/2009,3,3
774,OF_290,RB-19570,164.241,3/10/2011,30,3
775,FU_111,RB-19570,52.866,8/11/2012,5,3
776,FU_87,RB-19570,2608.03,8/11/2012,25,3
777,FU_33,CD-11980,5140.03,8/11/2012,50,3
778,OF_144,CD-11980,227.3872,8/11/2012,37,3
779,OF_127,CD-11980,360.1152,12/25/2009,8,3
780,TE_120,CD-11980,3710.4055,6/29/2012,31,3
781,TE_121,DJ-13630,4703.76,6/29/2012,24,4
782,OF_12,DJ-13630,665.802,1/18/2009,47,4
783,TE_44,DJ-13630,9027.2994,5/20/2012,49,4
784,OF_110,GT-14635,246.708,3/19/2009,11,1
785,TE_57,GT-14635,2292.4062,3/19/2009,9,1
786,OF_291,MC-17845,356.12,3/19/2009,29,1
787,TE_78,MC-17845,4863.54,9/5/2009,11,1
788,FU_112,MC-17845,496.86,11/3/2009,7,1
789,OF_292,RA-19285,3600.405,3/26/2011,18,4
790,FU_76,NP-18325,1752.48,3/26/2011,10,1
791,TE_64,NP-18325,633.2159999999999,2/10/2012,20,1
792,OF_256,NP-18325,1516.26,5/6/2009,37,1
793,FU_110,AB-10165,818.1039999999999,5/6/2009,2,2
794,TE_122,AB-10165,1454.7158,11/23/2010,43,2
795,FU_52,JO-15550,799.4001,2/10/2011,43,4
796,OF_293,JO-15550,227.12,3/29/2010,34,4
797,FU_113,JO-15550,3848.2848,3/29/2010,47,4
798,OF_294,JO-15550,53.69,9/5/2012,13,4
799,FU_114,JO-15550,1324.836,9/5/2012,36,4
800,OF_295,JO-15550,808.9451999999999,1/31/2011,21,4
801,FU_101,JO-15550,666.9,1/31/2011,30,4
802,OF_296,Dl-13600,599.5088000000001,8/7/2009,44,4
803,FU_05,AS-10285,3039.696,5/5/2012,32,2
804,FU_13,JK-15370,7638.8724,5/5/2012,27,2
805,OF_297,BN-11470,1283.8895999999995,5/5/2012,36,1
806,OF_298,BN-11470,4206.762,5/5/2012,28,1
807,TE_123,BN-11470,1021.1578,11/10/2009,13,1
808,TE_124,DP-13165,328.765,11/10/2009,25,4
809,OF_299,DP-13165,56.5504,11/10/2009,4,4
810,OF_228,DP-13165,1853.586,6/14/2010,14,4
811,OF_300,TH-21550,103.8312,1/7/2012,24,4
812,OF_301,AP-10915,188.3934,1/7/2012,39,1
813,TE_26,RS-19765,764.2635,12/19/2010,15,4
814,TE_125,RS-19765,2351.8836,11/29/2012,36,4
815,TE_124,RS-19765,203.6944,11/29/2012,16,4
816,OF_302,Dl-13600,734.274,11/29/2012,38,2
817,TE_27,SV-20365,5278.701599999999,4/18/2009,36,4
818,OF_165,KC-16540,1076.02,9/24/2009,22,4
819,FU_115,CK-12325,1501.2432,3/11/2011,16,2
820,OF_282,CK-12325,45.57149999999999,12/13/2010,13,2
821,TE_126,RD-19810,1658.4192000000005,1/21/2012,48,2
822,OF_216,MP-17965,1396.5784,1/6/2012,46,3
823,FU_92,MP-17965,13601.082599999998,1/6/2012,42,3
824,OF_303,MR-17545,244.944,12/10/2009,42,4
825,FU_116,SC-20695,4346.7606000000005,2/12/2010,17,1
826,OF_304,JF-15355,415.3842,2/12/2010,42,3
827,OF_176,JF-15355,145.59699999999998,6/26/2009,10,3
828,OF_157,EG-13900,328.32,2/8/2011,50,4
829,OF_305,EG-13900,126.6048,2/20/2011,42,4
830,FU_117,EG-13900,3377.7892,9/10/2012,37,4
831,TE_14,EG-13900,309.564,9/10/2012,4,4
832,FU_24,EG-13900,5057.007699999999,2/12/2010,23,4
833,TE_106,DS-13030,921.9648,2/1/2010,31,2
834,OF_306,DS-13030,380.6352,9/26/2011,48,2
835,OF_307,DS-13030,126.8904,9/26/2011,28,2
836,FU_50,DS-13030,537.6322,8/12/2010,37,2
837,FU_118,DS-13030,278.7048,8/20/2010,3,2
838,FU_119,DS-13030,387.18,8/20/2010,30,2
839,TE_99,GZ-14470,1994.4,5/17/2012,24,2
840,OF_297,PO-19195,1675.4303999999995,5/17/2012,46,3
841,OF_308,PO-19195,211.5072,7/9/2010,34,3
842,OF_309,PO-19195,265.10099999999994,10/22/2011,30,3
843,TE_127,SS-20875,2162.0214,10/22/2011,14,3
844,OF_117,SS-20875,6355.293,7/15/2010,35,3
845,OF_310,SS-20875,952.679,3/4/2011,29,3
846,OF_64,SS-20875,522.025,3/4/2011,35,3
847,TE_92,MH-17785,165.7536,1/5/2009,6,2
848,TE_128,MH-17785,2243.2311,1/5/2009,11,2
849,OF_156,PB-19105,37.08,5/12/2009,4,3
850,FU_120,RF-19735,4458.02,2/22/2010,49,3
851,OF_311,RF-19735,785.4911999999999,2/22/2010,39,3
852,TE_15,RF-19735,1061.2224,6/23/2011,28,3
853,OF_226,RF-19735,22.0806,3/20/2009,9,3
854,OF_221,YC-21895,1988.388,1/22/2011,34,2
855,TE_129,MS-17830,1573.6319999999998,7/28/2011,40,2
856,OF_312,NB-18655,734.29,7/28/2011,50,1
857,OF_313,DC-13285,965.0432,4/3/2010,8,3
858,TE_79,DC-13285,5653.8487,4/3/2010,29,3
859,TE_21,CP-12340,17999.640000000003,11/21/2010,40,4
860,FU_121,BF-11020,400.05000000000007,9/11/2010,25,3
861,FU_122,AR-10510,3360.1392,8/31/2011,48,2
862,FU_123,JC-16105,349.8009,8/31/2011,1,1
863,OF_314,LH-17020,57.54839999999999,6/7/2009,13,4
864,TE_15,CS-12250,624.1787999999999,3/22/2009,17,1
865,OF_215,CS-12250,44.19,3/22/2009,9,1
866,FU_124,CS-12250,6808.4676,9/30/2010,38,1
867,FU_125,CS-12250,1419.2119999999998,9/15/2010,10,1
868,TE_130,CS-12250,145.00799999999998,1/10/2010,32,1
869,OF_315,AJ-10795,352.2933,6/26/2010,27,1
870,OF_116,LE-16810,74.088,7/23/2011,14,1
871,TE_131,BV-11245,313.04,10/10/2010,43,3
872,OF_316,BV-11245,128.5632,2/5/2009,48,3
873,TE_01,BV-11245,1058.346,2/5/2009,6,3
874,OF_317,BV-11245,21.7328,11/9/2011,4,3
875,TE_132,BV-11245,655.04,11/9/2011,23,3
876,OF_318,BV-11245,89.10719999999999,7/26/2009,26,3
877,TE_79,DL-12865,9165.144,7/26/2009,48,4
878,TE_82,NZ-18565,1458.1656,7/26/2009,8,2
879,OF_319,NZ-18565,1335.348,4/18/2009,28,2
880,FU_10,NZ-18565,751.2912,4/18/2009,8,2
881,TE_133,NZ-18565,1668.206,4/18/2009,20,2
882,OF_124,BM-11785,48.384,2/24/2012,40,4
883,OF_39,BM-11785,224.49840000000003,7/28/2012,46,4
884,TE_134,BM-11785,1682.1188999999997,7/28/2012,27,4
885,OF_320,BM-11785,12.9492,12/14/2011,2,4
886,OF_212,EA-14035,7675.47,12/14/2011,50,1
887,OF_321,CL-12565,39.936,6/13/2010,20,2
888,FU_126,LT-17110,605.2847999999999,6/13/2010,4,2
889,OF_264,SA-20830,240.9286,10/1/2010,22,1
890,TE_95,SA-20830,975.6096,4/27/2012,34,1
891,OF_68,SA-20830,29.6352,9/24/2011,18,1
892,OF_91,SA-20830,1080.8616,9/24/2011,39,1
893,OF_22,JK-15730,67.2192,6/30/2012,18,1
894,OF_322,ES-14020,555.1406,11/10/2011,37,2
895,FU_78,ES-14020,151.8,11/5/2009,20,2
896,OF_323,RH-19495,221.26,2/19/2009,37,3
897,OF_324,DB-13120,8.1536,2/19/2009,4,4
898,OF_325,DB-13120,169.9516,2/19/2009,29,4
899,TE_135,DB-13120,1267.0245,3/2/2010,29,4
900,OF_187,CD-11920,154.79919999999998,6/28/2009,46,2
901,FU_118,HW-14935,4227.0228,6/28/2009,46,2
902,OF_326,HW-14935,78.03,6/28/2009,15,2
903,FU_119,HW-14935,417.294,1/26/2009,30,4
904,OF_282,MC-18130,83.1726,8/2/2011,23,1
905,OF_271,GM-14440,27.6924,7/4/2010,6,2
906,OF_327,RA-19915,211.48,10/1/2012,17,2
907,TE_136,RA-19915,438.8335,7/14/2011,7,2
908,TE_137,AA-10375,6366.519599999999,7/25/2010,23,3
909,OF_131,AA-10375,26.19,7/6/2009,4,3
910,OF_172,ZC-21910,310.27,7/6/2009,46,2
911,TE_22,ZC-21910,442.464,7/6/2009,22,2
912,OF_328,ZC-21910,1150.317,7/6/2009,31,2
913,OF_275,ZC-21910,40.5504,7/6/2009,12,2
914,OF_142,PJ-19015,45.5994,7/6/2009,3,2
915,TE_138,PJ-19015,590.4486999999999,12/11/2012,29,2
916,FU_106,BW-11110,138.51,12/11/2012,10,3
917,TE_47,DB-13210,261.1455,12/1/2011,33,4
918,OF_54,CA-12775,1144.494,12/1/2011,26,4
919,OF_279,CA-12775,298.4688,4/4/2009,49,4
920,OF_25,CA-12775,37.5606,6/25/2010,2,4
921,OF_270,CA-12775,219.0474,2/16/2011,37,4
922,FU_127,CA-12775,20.8,2/16/2011,2,4
923,TE_139,TR-21325,581.4768,8/26/2010,23,4
924,FU_128,TR-21325,373.89720000000005,11/4/2010,23,4
925,OF_287,PG-18820,300.24,11/4/2010,36,2
926,TE_140,PG-18820,4441.1444,11/4/2010,22,2
927,OF_329,GT-14710,94.188,4/28/2009,30,3
928,OF_274,GT-14710,57.7368,8/6/2009,9,3
929,OF_208,GT-14710,2491.632,3/18/2009,32,3
930,OF_330,JE-15745,42.1848,3/18/2009,7,1
931,FU_29,JE-15745,1122.308,1/5/2009,5,1
932,OF_331,JE-15745,193.9728,10/8/2012,4,1
933,OF_332,JE-15745,1088.631,11/5/2010,29,1
934,OF_333,JB-15400,2359.926,11/5/2010,43,1
935,OF_190,JB-15400,139.88520000000003,12/10/2012,14,1
936,OF_207,JB-15400,6049.4922,2/5/2009,23,1
937,TE_141,LH-17020,2894.4234,9/28/2011,34,3
938,OF_90,JL-15175,165.63600000000002,6/5/2012,43,1
939,TE_142,EB-13705,5182.905500000001,6/5/2012,31,3
940,TE_143,BM-11650,3766.158,9/26/2010,46,4
941,TE_101,BM-11650,1943.4055,9/26/2010,31,4
942,OF_334,BM-11650,1372.2351999999998,1/21/2009,46,4
943,OF_131,EM-14095,87.88499999999999,10/5/2012,14,2
944,TE_51,EM-14095,340.07,10/5/2012,31,2
945,FU_90,EM-14095,210.672,3/25/2009,20,2
946,OF_160,EM-14095,74.05439999999999,9/20/2012,19,2
947,OF_103,AF-10885,268.863,9/20/2012,31,1
948,OF_335,AF-10885,89.523,9/20/2012,29,1
949,OF_336,GA-14725,1831.5648,2/5/2010,39,4
950,OF_03,CK-12760,16.8586,2/5/2010,2,4
951,OF_190,DP-13105,484.87680000000006,3/19/2010,46,2
952,OF_306,DP-13105,284.2749,11/19/2011,39,2
953,OF_337,VD-21670,101.34720000000002,11/19/2011,17,1
954,OF_338,GT-14710,1806.777,11/19/2011,49,4
955,FU_129,GT-14710,6797.133000000001,4/29/2009,49,4
956,OF_339,BK-11260,89.93920000000001,4/3/2011,47,4
957,OF_92,BK-11260,25.004,4/16/2011,7,4
958,OF_13,BK-11260,20.3688,4/16/2011,6,4
959,OF_201,SJ-20125,98.0352,6/15/2010,37,4
960,FU_51,SJ-20125,1036.773,6/15/2010,43,4
961,OF_132,CM-12445,15.8424,8/9/2009,3,2
962,OF_196,CM-12445,126.2352,9/20/2009,48,2
963,OF_54,AJ-10795,239.659,9/20/2009,5,1
964,OF_340,AJ-10795,39.6288,3/20/2012,16,1
965,OF_341,AJ-10795,127.008,3/23/2012,45,1
966,OF_28,AJ-10780,176.25,7/19/2010,47,1
967,OF_342,AJ-10780,27.9,7/19/2010,15,1
968,TE_144,LS-16945,1755.3339999999998,11/21/2012,28,4
969,OF_94,GP-14740,278.3025,3/27/2009,25,4
970,OF_140,PK-18910,719.5266,3/27/2009,26,4
971,TE_145,PK-18910,90.76319999999998,3/27/2009,6,4
972,FU_75,TB-21520,2328.66,5/14/2010,17,4
973,FU_130,SM-20005,1515.57,5/14/2010,49,4
974,FU_105,SM-20005,5273.7696,10/17/2010,48,4
975,FU_131,GA-14725,1309.9268,8/24/2010,26,1
976,OF_266,CC-12430,909.8892,8/24/2010,46,4
977,FU_132,CC-12430,1390.4523,8/10/2011,19,4
978,OF_140,CC-12430,268.182,9/24/2009,10,4
979,TE_101,AG-10765,534.519,9/24/2009,9,4
980,FU_133,HP-14815,723.8700000000001,10/30/2012,35,4
981,FU_134,HP-14815,896.4499999999999,10/30/2012,5,4
982,OF_343,DK-13090,175.3329,5/7/2010,17,1
983,OF_225,GZ-14470,1591.0848,4/9/2011,36,2
984,OF_298,PM-19135,7282.674000000001,6/3/2010,46,3
985,OF_344,LL-16840,250.992,5/22/2010,45,4
986,OF_137,JS-15595,113.012,5/22/2010,4,2
987,OF_235,OT-18730,132.0165,10/25/2012,35,2
988,FU_05,EL-13735,3039.696,10/25/2012,32,4
989,OF_345,CK-12760,326.646,10/25/2012,46,2
990,FU_65,JE-15475,1075.5936,10/25/2012,9,4
991,FU_52,JE-15475,652.4735999999999,1/5/2010,34,4
992,OF_346,TH-21550,699.3975999999999,1/5/2010,44,3
993,OF_344,TH-21550,223.104,12/30/2011,40,3
994,TE_71,TH-21550,1161.8496,12/30/2011,48,3
995,TE_98,PC-18745,1754.7519,2/14/2011,17,2
996,FU_118,PC-18745,278.7048,5/28/2010,3,2
997,TE_53,HL-15040,1056.86,5/28/2010,7,3
998,TE_146,MS-17365,6361.468800000001,6/28/2010,47,3
999,OF_179,GB-14530,1184.0051999999998,3/1/2011,21,4
1000,FU_106,JR-16210,371.4984,3/1/2011,26,4
1001,TE_12,TD-20995,826.28,2/27/2012,26,3
1002,OF_86,TD-20995,27.522,2/27/2012,10,3
1003,OF_195,DB-13060,1346.4384,3/19/2012,24,3
1004,TE_102,LC-17140,5146.691499999999,3/19/2012,43,2
1005,TE_147,LC-17140,4989.204,3/19/2012,44,2
1006,FU_12,LC-17140,1778.728,3/4/2012,7,2
1007,FU_135,PO-18865,1424.899,3/9/2012,35,4
1008,TE_148,PO-18865,967.6032,3/9/2012,8,4
1009,OF_347,PO-18865,32.5992,1/5/2010,6,4
1010,TE_112,BE-11335,662.256,1/5/2010,15,3
1011,TE_149,BE-11335,684.0384000000001,4/21/2012,24,3
1012,OF_294,BE-11335,103.25,6/17/2009,25,3
1013,FU_136,SC-20050,2829.168,6/17/2009,24,4
1014,OF_305,BM-11650,128.74,6/13/2012,41,3
1015,OF_348,BM-11650,1331.82,7/16/2012,50,3
1016,TE_150,KL-16555,3130.8336000000004,5/15/2009,46,3
1017,OF_85,KL-16555,75.73440000000001,5/15/2009,21,3
1018,FU_35,KL-16555,5240.025600000001,1/2/2011,16,3
1019,FU_126,RW-19630,157.76039999999998,1/2/2011,1,3
1020,FU_83,RW-19630,6069.168000000001,1/2/2011,24,3
1021,TE_151,RC-19825,2152.6804,1/5/2012,13,1
1022,OF_157,SE-20110,123.12,1/23/2009,18,4
1023,OF_349,SE-20110,717.8,12/24/2011,20,4
1024,OF_131,SE-20110,173.745,11/20/2012,26,4
1025,OF_350,AH-10075,166.58460000000002,12/29/2012,27,4
1026,OF_253,JM-15535,37.6278,1/31/2010,7,4
1027,OF_351,JM-15535,632.9208,2/4/2009,47,4
1028,OF_261,JJ-15760,3675.1554,12/24/2011,9,1
1029,OF_21,JJ-15760,13.3042,2/27/2010,2,1
1030,FU_136,AB-10165,3324.2724,2/27/2010,27,4
1031,OF_54,AB-10165,674.958,2/27/2010,15,4
1032,OF_60,AB-10165,4441.2,2/27/2010,40,4
1033,OF_02,RK-19300,3503.3328,6/25/2012,17,4
1034,FU_63,CG-12040,182.16,3/13/2012,10,4
1035,OF_163,CG-12040,188.632,12/28/2010,34,4
1036,OF_62,CG-12040,46.0512,7/3/2012,13,4
1037,OF_62,CG-12040,164.75849999999997,4/5/2012,47,4
1038,OF_305,RA-19885,75.1088,4/5/2012,26,2
1039,OF_352,RP-19270,919.398,7/24/2009,20,2
1040,OF_353,RP-19270,251.79,7/18/2011,3,2
1041,TE_152,KC-16255,351.40500000000003,4/15/2010,5,2
1042,TE_77,RW-19630,9.9099,6/15/2010,1,2
1043,OF_271,RW-19630,159.084,3/15/2011,36,2
1044,FU_46,JL-15850,380.187,3/15/2011,3,2
1045,OF_354,JL-15850,267.84000000000003,3/15/2011,48,2
1046,FU_38,JL-15850,494.0754,12/6/2009,3,2
1047,OF_274,CA-12775,168.48000000000002,12/6/2009,26,2
1048,OF_295,RB-19795,263.9112,7/22/2010,7,4
1049,TE_116,RB-19795,27599.54,6/25/2010,46,4
1050,OF_355,RB-19795,1928.1696,6/25/2010,49,4
1051,OF_322,RB-19795,654.8087,6/25/2010,47,4
1052,TE_153,RB-19795,556.7653,10/8/2011,17,4
1053,OF_356,KH-16360,725.1332,9/7/2010,44,4
1054,TE_34,GH-14665,1475.424,1/22/2012,40,3
1055,OF_306,GH-14665,353.241,1/22/2012,45,3
1056,OF_357,SW-20275,184.68,4/5/2012,30,1
1057,FU_53,JA-15970,5375.567399999999,12/12/2009,41,2
1058,OF_198,JA-15970,3752.7996,3/23/2012,33,2
1059,TE_14,JA-15970,3559.986,9/13/2011,45,2
1060,FU_04,DL-12925,1119.0816,9/5/2012,16,2
1061,OF_358,LW-16990,188.46000000000004,8/21/2010,30,2
1062,TE_29,TB-21190,880.74,10/26/2012,42,1
1063,OF_359,CV-12805,168.9744,10/6/2010,42,2
1064,TE_154,MS-17365,872.2447999999999,3/13/2010,8,1
1065,FU_137,BS-11800,11798.172,5/25/2011,45,4
1066,OF_360,BS-11800,26.496,5/9/2011,16,4
1067,OF_361,BS-11800,109.9584,5/9/2011,23,4
1068,TE_155,BS-11800,133.7063,1/18/2010,7,4
1069,OF_362,BS-11800,65.74080000000001,12/12/2009,16,4
1070,FU_123,BS-11800,10253.3038,12/12/2009,29,4
1071,FU_138,DL-13315,14754.0238,12/12/2009,37,4
1072,TE_121,DL-13315,1473.8448,12/12/2009,8,4
1073,FU_139,DL-13315,2516.6784,1/22/2010,24,4
1074,TE_31,DL-13315,55.9286,1/22/2010,2,4
1075,OF_363,PO-19195,837.2919999999999,1/22/2010,19,4
1076,FU_128,PO-19195,883.5000000000001,12/9/2012,50,4
1077,TE_138,TD-20995,498.51249999999993,8/28/2009,25,2
1078,FU_57,BW-11110,6105.9089,11/4/2012,23,3
1079,OF_364,RW-19690,121.71120000000002,7/20/2010,26,1
1080,TE_156,KB-16600,3129.5916,7/20/2010,27,3
1081,OF_47,EB-13870,68.18759999999999,11/15/2011,39,4
1082,TE_157,TZ-21580,2195.712,3/22/2009,16,2
1083,OF_171,TZ-21580,172.8405,8/6/2009,45,2
1084,OF_365,TZ-21580,134.4,8/6/2009,30,2
1085,TE_131,AS-10630,247.156,3/23/2012,35,3
1086,OF_92,AS-10630,76.912,4/13/2011,22,3
1087,FU_13,AS-10630,10112.928000000002,4/13/2011,35,3
1088,OF_116,TS-21340,43.2,9/6/2011,8,3
1089,OF_325,JG-15805,287.04,5/23/2012,50,4
1090,OF_10,JG-15805,45.504,3/4/2012,12,4
1091,FU_126,SL-20155,1699.9488,11/3/2009,11,1
1092,TE_158,TS-21610,765.4086,11/3/2009,43,4
1093,TE_159,RF-19735,2616.7344,11/3/2009,24,2
1094,FU_06,RF-19735,574.655,8/12/2009,5,2
1095,OF_158,MW-18235,61.9875,7/7/2010,25,1
1096,OF_220,MW-18235,179.62560000000002,11/5/2010,28,1
1097,FU_43,RD-19585,1219.2671999999998,5/5/2012,32,1
1098,TE_160,RD-19585,344.432,6/23/2010,22,1
1099,FU_63,RD-19585,763.4527999999999,6/23/2010,41,1
1100,OF_25,RD-19585,815.7099999999999,6/23/2010,43,1
