Order Date,Order Quantity,Sales ID,Sales,Product Name,Product Sub-Category,Product Category,Discount,Unit Price,Product Base Margin,Profit,Product ID,Advertising Expenditure,Sales Representative,Product Review Rating,Customer ID,Customer Name,Customer Segment,Email ID,Address,Region,Region ID
10/13/2010,6,101,224.2944,"Eldon Base for stackable storage shelf, platinum",Storage & Organization,Office Supplies,0.04,38.94,0.8,177.56640000000002,OF_01,1.947,1,3,CG-12520,Claire Gute,Small Business,claire_gute@example.com,"Henderson, Kentucky",South,1
10/1/2012,49,102,9485.8512,"1.7 Cubic Foot Compact ""Cube"" Office Refrigerators",Appliances,Office Supplies,0.07,208.16,0.58,5201.918399999999,OF_02,10.408000000000001,1,1,CG-12520,Claire Gute,Consumer,claire_gute@example.com,"Henderson, Kentucky",South,1
10/1/2012,27,103,232.28369999999998,"Cardinal Slant-D® Ring Binder, Heavy Gauge Vinyl",Binders and Binder Accessories,Office Supplies,0.01,8.69,0.39,89.1594,OF_03,0.4345,1,5,DV-13045,Darrin Van Huff,Consumer,darrin_huff@example.com,"Los Angeles, California",West,2
7/10/2011,30,104,5409.3240000000005,R380,Telephones and Communication,Technology,0.08,195.99,0.58,2939.8500000000004,TE_01,29.3985,3,1,SO-20335,Sean O'Donnell,Corporate,sean_o'donnell@example.com,"Fort Lauderdale, Florida",South,1
8/28/2010,19,105,380.7144,Holmes HEPA Air Purifier,Appliances,Office Supplies,0.08,21.78,0.5,173.8044,OF_04,1.0890000000000002,2,2,SO-20335,Sean O'Donnell,Consumer,sean_o'donnell@example.com,"Fort Lauderdale, Florida",South,1
8/28/2010,21,106,132.468,G.E. Longer-Life Indoor Recessed Floodlight Bulbs,Office Furnishings,Furniture,0.05,6.64,0.37,44.62079999999999,FU_01,0.664,3,2,BH-11710,Brosina Hoffman,Consumer,brosina_hoffman@example.com,"Los Angeles, California",West,2
6/17/2011,12,107,84.972,"Angle-D Binders with Locking Rings, Label Holders",Binders and Binder Accessories,Office Supplies,0.03,7.3,0.38,30.659999999999997,OF_05,0.365,1,5,BH-11710,Brosina Hoffman,Corporate,brosina_hoffman@example.com,"Los Angeles, California",West,2
6/17/2011,22,108,856.0552,"SAFCO Mobile Desk Side File, Wire Frame",Storage & Organization,Office Supplies,0.09,42.76,,,OF_06,2.138,2,4,BH-11710,Brosina Hoffman,Corporate,brosina_hoffman@example.com,"Los Angeles, California",West,2
3/24/2011,21,109,2697.8741999999993,"SAFCO Commercial Wire Shelving, Black",Storage & Organization,Office Supplies,0.07,138.14,,,OF_07,6.907,1,5,BH-11710,Brosina Hoffman,Corporate,brosina_hoffman@example.com,"Los Angeles, California",West,2
2/26/2010,44,110,203.7816,Xerox 198,Paper,Office Supplies,0.07,4.98,0.38,67.9272,OF_08,0.24900000000000003,2,4,BH-11710,Brosina Hoffman,Home Office,brosina_hoffman@example.com,"Los Angeles, California",West,2
11/23/2010,45,111,190.67400000000004,Xerox 1980,Paper,Office Supplies,0.01,4.28,0.4,75.11400000000003,OF_09,0.21400000000000002,1,3,BH-11710,Brosina Hoffman,Home Office,brosina_hoffman@example.com,"Los Angeles, California",West,2
11/23/2010,32,112,121.344,Advantus Map Pennant Flags and Round Head Tacks,Rubber Bands,Office Supplies,0.04,3.95,0.53,61.93599999999999,OF_10,0.1975,1,4,BH-11710,Brosina Hoffman,Home Office,brosina_hoffman@example.com,"Los Angeles, California",West,2
6/8/2012,32,113,696.96,Holmes HEPA Air Purifier,Appliances,Office Supplies,0.0,21.78,0.5,348.48,OF_04,1.0890000000000002,2,4,AA-10480,Andrew Allen,Home Office,andrew_allen@example.com,"Concord, North Carolina",South,1
6/8/2012,31,114,1427.8847999999998,"DS/HD IBM Formatted Diskettes, 200/Pack - Staples",Computer Peripherals,Technology,0.04,47.98,0.71,996.5445999999997,TE_02,7.196999999999999,1,4,IM-15070,Irene Maddox,Home Office,irene_maddox@example.com,"Seattle, Washington",West,2
8/4/2012,15,115,77.616,"Wilson Jones 1"" Hanging DublLock® Ring Binders",Binders and Binder Accessories,Office Supplies,0.02,5.28,0.37,27.72,OF_11,0.264,2,5,HP-14815,Harold Pawlan,Small Business,harold_pawlan@example.com,"Fort Worth, Texas",Central,3
5/30/2011,46,116,1779.8918,Ultra Commercial Grade Dual Valve Door Closer,Office Furnishings,Furniture,0.03,39.89,0.53,917.47,FU_02,3.9890000000000003,2,3,HP-14815,Harold Pawlan,Home Office,harold_pawlan@example.com,"Fort Worth, Texas",Central,3
11/25/2009,16,117,234.2112,"#10-4 1/8"" x 9 1/2"" Premium Diagonal Seam Envelopes",Envelopes,Office Supplies,0.07,15.74,0.4,83.1072,OF_12,0.787,2,4,PK-19075,Pete Kriz,Small Business,pete_kriz@example.com,"Madison, Wisconsin",Central,3
2/14/2012,44,118,4265.3952,Hon 4-Shelf Metal Bookcases,Bookcases,Furniture,0.04,100.98,0.6,2488.1472,FU_03,10.098,3,4,AG-10270,Alejandro Grove,Home Office,alejandro_grove@example.com,"West Jordan, Utah",West,2
2/14/2012,11,119,588.8025,"Lesro Sheffield Collection Coffee Table, End Table, Center Table, Corner Table",Tables,Furniture,0.25,71.37,0.68,337.5801,FU_04,7.1370000000000005,2,5,ZD-21925,Zuschuss Donatelli,Home Office,zuschuss_donatelli@example.com,"San Francisco, California",West,2
4/15/2012,15,120,930.4589999999998,g520,Telephones and Communication,Technology,0.06,65.99,0.59,524.6204999999998,TE_03,9.898499999999999,1,1,ZD-21925,Zuschuss Donatelli,Corporate,zuschuss_donatelli@example.com,"San Francisco, California",West,2
4/15/2012,18,121,2779.7418000000002,LX 788,Telephones and Communication,Technology,0.01,155.99,0.58,1600.4574,TE_04,23.398500000000002,2,1,ZD-21925,Zuschuss Donatelli,Corporate,zuschuss_donatelli@example.com,"San Francisco, California",West,2
3/12/2010,13,122,43.173,Avery 52,Labels,Office Supplies,0.1,3.69,0.38,13.431600000000003,OF_13,0.1845,1,4,KB-16585,Ken Black,Consumer,ken_black@example.com,"Fremont, Nebraska",Central,3
3/12/2010,21,123,93.9645,Plymouth Boxed Rubber Bands by Plymouth,Rubber Bands,Office Supplies,0.05,4.71,0.8,74.1825,OF_14,0.23550000000000001,2,5,KB-16585,Ken Black,Consumer,ken_black@example.com,"Fremont, Nebraska",Central,3
3/9/2011,33,124,474.903,"GBC Pre-Punched Binding Paper, Plastic, White, 8-1/2"" x 11""",Binders and Binder Accessories,Office Supplies,0.1,15.99,0.37,142.47090000000003,OF_15,0.7995000000000001,2,5,SF-20065,Sandra Flanagan,Corporate,sandra_flanagan@example.com,"Philadelphia, Pennsylvania",East,4
3/9/2011,38,125,176.52899999999997,"Maxell 3.5"" DS/HD IBM-Formatted Diskettes, 10/Pack",Computer Peripherals,Technology,0.05,4.89,0.66,113.35019999999997,TE_05,0.7334999999999999,3,3,EB-13870,Emily Burns,Corporate,emily_burns@example.com,"Orem, Utah",West,2
8/4/2012,30,126,78.624,Newell 335,Pens & Art Supplies,Office Supplies,0.09,2.88,0.56,40.608,OF_16,0.144,1,3,EH-13945,Eric Hoffmann,Home Office,eric_hoffmann@example.com,"Los Angeles, California",West,2
5/6/2011,23,127,61.40079999999999,SANFORD Liquid Accent Tank-Style Highlighters,Pens & Art Supplies,Office Supplies,0.06,2.84,0.54,31.353599999999993,OF_17,0.142,1,4,EH-13945,Eric Hoffmann,Home Office,eric_hoffmann@example.com,"Los Angeles, California",West,2
12/23/2010,25,128,11137.252499999999,Canon PC940 Copier,Copiers and Fax,Technology,0.01,449.99,0.38,4162.407499999998,TE_06,67.49849999999999,1,2,TB-21520,Tracy Blumstein,Corporate,tracy_blumstein@example.com,"Philadelphia, Pennsylvania",East,4
11/8/2010,28,129,362.3424,"Tenex Personal Project File with Scoop Front Design, Black",Storage & Organization,Office Supplies,0.04,13.48,0.59,207.59199999999998,OF_18,0.674,2,5,TB-21520,Tracy Blumstein,Consumer,tracy_blumstein@example.com,"Philadelphia, Pennsylvania",East,4
10/21/2012,49,130,274.0864,Col-Erase® Pencils with Erasers,Pens & Art Supplies,Office Supplies,0.08,6.08,0.56,143.00160000000002,OF_19,0.30400000000000005,1,5,TB-21520,Tracy Blumstein,Small Business,tracy_blumstein@example.com,"Philadelphia, Pennsylvania",East,4
1/1/2011,10,131,59.202000000000005,"Imation 3.5"" DS/HD IBM Formatted Diskettes, 10/Pack",Computer Peripherals,Technology,0.01,5.98,0.75,44.252,TE_07,0.897,2,1,TB-21520,Tracy Blumstein,Home Office,tracy_blumstein@example.com,"Philadelphia, Pennsylvania",East,4
1/1/2011,21,132,809.1426,"White Dual Perf Computer Printout Paper, 2700 Sheets, 1 Part, Heavyweight, 20 lbs., 14 7/8 x 11",Paper,Office Supplies,0.06,40.99,0.36,258.23699999999997,OF_20,2.0495,1,4,TB-21520,Tracy Blumstein,Home Office,tracy_blumstein@example.com,"Philadelphia, Pennsylvania",East,4
10/10/2011,39,133,276.53729999999996,Self-Adhesive Address Labels for Typewriters by Universal,Labels,Office Supplies,0.03,7.31,0.38,99.78149999999997,OF_21,0.3655,1,4,TB-21520,Tracy Blumstein,Corporate,tracy_blumstein@example.com,"Philadelphia, Pennsylvania",East,4
10/10/2011,24,134,498.72239999999994,Accessory37,Telephones and Communication,Technology,0.01,20.99,0.81,403.008,TE_08,3.1485,1,4,TB-21520,Tracy Blumstein,Corporate,tracy_blumstein@example.com,"Philadelphia, Pennsylvania",East,4
9/23/2010,27,135,1017.4464,Fuji 5.2GB DVD-RAM,Computer Peripherals,Technology,0.08,40.96,0.55,519.7824,TE_09,6.144,2,2,MA-17560,Matt Abelman,Corporate,matt_abelman@example.com,"Houston, Texas",Central,3
7/19/2011,39,136,3480.1065,Bevis Steel Folding Chairs,Chairs & Chairmats,Furniture,0.07,95.95,0.57,1871.0249999999996,FU_05,9.595,4,4,GH-14485,Gene Hale,Corporate,gene_hale@example.com,"Richardson, Texas",Central,3
10/9/2009,47,137,182.83,Avery Binder Labels,Binders and Binder Accessories,Office Supplies,0.0,3.89,0.37,67.64710000000002,OF_22,0.1945,2,4,GH-14485,Gene Hale,Corporate,gene_hale@example.com,"Richardson, Texas",Central,3
10/9/2009,49,138,5394.4982,Hon Every-Day® Chair Series Swivel Task Chairs,Chairs & Chairmats,Furniture,0.09,120.98,0.64,3260.411,FU_06,12.098,4,3,SN-20710,Steve Nguyen,Corporate,steve_nguyen@example.com,"Houston, Texas",Central,3
10/9/2009,18,139,501.87600000000003,"IBM Multi-Purpose Copy Paper, 8 1/2 x 11"", Case",Paper,Office Supplies,0.1,30.98,0.4,167.29200000000003,OF_23,1.5490000000000002,1,5,SN-20710,Steve Nguyen,Corporate,steve_nguyen@example.com,"Houston, Texas",Central,3
12/9/2010,30,140,13676.754,Global Troy Executive Leather Low-Back Tilter,Chairs & Chairmats,Furniture,0.09,500.98,0.6,7664.994,FU_07,50.098000000000006,3,1,SN-20710,Steve Nguyen,Consumer,steve_nguyen@example.com,"Houston, Texas",Central,3
10/8/2012,5,141,36.848,XtraLife® ClearVue Slant-D® Ring Binders by Cardinal,Binders and Binder Accessories,Office Supplies,0.06,7.84,0.35,11.367999999999999,OF_24,0.392,1,5,SN-20710,Steve Nguyen,Small Business,steve_nguyen@example.com,"Houston, Texas",Central,3
5/2/2012,21,142,398.37,Computer Printout Paper with Letter-Trim Perforations,Paper,Office Supplies,0.0,18.97,0.37,147.39690000000004,OF_25,0.9485,1,4,LC-16930,Linda Cazamias,Small Business,linda_cazamias@example.com,"Naperville, Illinois",Central,3
3/8/2010,8,143,927.92,6160,Telephones and Communication,Technology,0.0,115.99,0.57,528.9143999999999,TE_10,17.3985,3,3,RA-19885,Ruben Ausman,Corporate,ruben_ausman@example.com,"Los Angeles, California",West,2
5/28/2011,5,144,14.256,Avery 49,Labels,Office Supplies,0.01,2.88,0.36,5.040000000000001,OF_26,0.144,2,5,ES-14080,Erin Smith,Corporate,erin_smith@example.com,"Melbourne, Florida",South,1
9/19/2010,9,145,37.9008,Hoover Portapower Portable Vacuum,Appliances,Office Supplies,0.06,4.48,0.6,21.772799999999993,OF_27,0.22400000000000003,2,2,ON-18715,Odella Nelson,Corporate,odella_nelson@example.com,"Eagan, Minnesota",Central,3
8/31/2011,11,146,1330.4543999999999,Timeport L7089,Telephones and Communication,Technology,0.04,125.99,0.58,748.3805999999998,TE_11,18.8985,1,4,ON-18715,Odella Nelson,Home Office,odella_nelson@example.com,"Eagan, Minnesota",Central,3
8/31/2011,50,147,181.875,Avery 510,Labels,Office Supplies,0.03,3.75,0.37,63.750000000000014,OF_28,0.1875,1,4,PO-18865,Patrick O'Donnell,Home Office,patrick_o'donnell@example.com,"Westland, Michigan",Central,3
8/31/2011,3,148,34.261199999999995,Xerox 1881,Paper,Office Supplies,0.07,12.28,0.38,11.420399999999994,OF_29,0.614,1,4,LH-16900,Lena Hernandez,Home Office,lena_hernandez@example.com,"Dover, Delaware",East,4
8/31/2011,30,149,4632.903,LX 788,Telephones and Communication,Technology,0.01,155.99,0.58,2667.429,TE_04,23.398500000000002,3,1,LH-16900,Lena Hernandez,Home Office,lena_hernandez@example.com,"Dover, Delaware",East,4
7/8/2011,7,150,54.747,"Cardinal Slant-D® Ring Binder, Heavy Gauge Vinyl",Binders and Binder Accessories,Office Supplies,0.1,8.69,0.39,17.640700000000002,OF_03,0.4345,1,5,DP-13000,Darren Powers,Home Office,darren_powers@example.com,"New Albany, Indiana",Central,3
1/30/2009,42,151,1201.284,"Memorex 4.7GB DVD-RAM, 3/Pack",Computer Peripherals,Technology,0.1,31.78,0.42,427.1232,TE_12,4.767,2,3,DP-13000,Darren Powers,Corporate,darren_powers@example.com,"New Albany, Indiana",Central,3
1/8/2012,11,152,43.3422,Unpadded Memo Slips,Paper,Office Supplies,0.01,3.98,0.35,14.885199999999998,OF_30,0.199,2,5,DP-13000,Darren Powers,Corporate,darren_powers@example.com,"New Albany, Indiana",Central,3
11/7/2010,22,153,122.89199999999998,"Adams Telephone Message Book W/Dividers/Space For Phone Numbers, 5 1/4""X8 1/2"", 300/Messages",Paper,Office Supplies,0.05,5.88,0.36,40.10159999999999,OF_31,0.294,2,3,DP-13000,Darren Powers,Corporate,darren_powers@example.com,"New Albany, Indiana",Central,3
4/29/2010,12,154,105.37800000000001,"Eldon Expressions Desk Accessory, Wood Pencil Holder, Oak",Office Furnishings,Furniture,0.09,9.65,0.55,53.26800000000002,FU_08,0.9650000000000001,2,1,JM-15265,Janet Molinari,Corporate,janet_molinari@example.com,"New York City, New York",East,4
12/31/2011,8,155,63.92,Bell Sonecor JB700 Caller ID,Telephones and Communication,Technology,0.0,7.99,0.6,38.352000000000004,TE_13,1.1985,3,4,JM-15265,Janet Molinari,Home Office,janet_molinari@example.com,"New York City, New York",East,4
8/12/2009,7,156,366.03,Avery Arch Ring Binders,Binders and Binder Accessories,Office Supplies,0.1,58.1,0.38,113.87599999999998,OF_32,2.9050000000000002,2,4,TB-21055,Ted Butterfield,Corporate,ted_butterfield@example.com,"Troy, New York",East,4
8/12/2009,3,157,239.0256,APC 7 Outlet Network SurgeArrest Surge Protector,Appliances,Office Supplies,0.01,80.48,0.55,130.3776,OF_33,4.024,2,5,TB-21055,Ted Butterfield,Corporate,ted_butterfield@example.com,"Troy, New York",East,4
11/12/2011,44,158,3733.4704,"Deflect-o RollaMat Studded, Beveled Mat for Medium Pile Carpeting",Office Furnishings,Furniture,0.08,92.23,0.67,2394.2908,FU_09,9.223,4,5,TB-21055,Ted Butterfield,Home Office,ted_butterfield@example.com,"Troy, New York",East,4
11/12/2011,25,159,1999.2675,Accessory4,Telephones and Communication,Technology,0.07,85.99,0.85,1676.8049999999998,TE_14,12.898499999999999,2,4,TB-21055,Ted Butterfield,Home Office,ted_butterfield@example.com,"Troy, New York",East,4
1/20/2012,19,160,202.8516,Personal Creations Ink Jet Cards and Labels,Paper,Office Supplies,0.07,11.48,0.36,63.25479999999996,OF_34,0.5740000000000001,1,3,TB-21055,Ted Butterfield,Home Office,ted_butterfield@example.com,"Troy, New York",East,4
3/20/2009,6,161,9432.172799999998,High Speed Automatic Electric Letter Opener,"Scissors, Rulers and Trimmers",Office Supplies,0.04,1637.53,0.81,7565.388599999998,OF_35,81.87650000000001,1,4,TB-21055,Ted Butterfield,Corporate,ted_butterfield@example.com,"Troy, New York",East,4
7/21/2012,40,162,248.83200000000002,Xerox 1966,Paper,Office Supplies,0.04,6.48,0.36,82.94399999999999,OF_36,0.32400000000000007,2,5,TB-21055,Ted Butterfield,Corporate,ted_butterfield@example.com,"Troy, New York",East,4
7/21/2012,18,163,111.9744,Xerox 213,Paper,Office Supplies,0.04,6.48,0.37,38.49119999999999,OF_37,0.32400000000000007,2,3,KM-16720,Kunst Miller,Corporate,kunst_miller@example.com,"Los Angeles, California",West,2
6/12/2012,11,164,287.9745,"Boston Electric Pencil Sharpener, Model 1818, Charcoal Black",Pens & Art Supplies,Office Supplies,0.07,28.15,0.57,154.82499999999996,OF_38,1.4075,1,3,KM-16720,Kunst Miller,Corporate,kunst_miller@example.com,"Los Angeles, California",West,2
1/15/2009,41,165,202.1382,Hammermill CopyPlus Copy Paper (20Lb. and 84 Bright),Paper,Office Supplies,0.01,4.98,0.36,71.463,OF_39,0.24900000000000003,1,4,KM-16720,Kunst Miller,Home Office,kunst_miller@example.com,"Los Angeles, California",West,2
1/15/2009,47,166,286.51199999999994,"Telephone Message Books with Fax/Mobile Section, 5 1/2"" x 3 3/16""",Paper,Office Supplies,0.04,6.35,0.39,104.45749999999995,OF_40,0.3175,2,4,KM-16720,Kunst Miller,Home Office,kunst_miller@example.com,"Los Angeles, California",West,2
6/4/2010,40,167,401.12,Crate-A-Files,Storage & Organization,Office Supplies,0.08,10.9,0.59,222.35999999999999,OF_41,0.545,1,4,PS-18970,Paul Stevenson,Consumer,paul_stevenson@example.com,"Chicago, Illinois",Central,3
2/18/2010,18,168,124.83,"Angle-D Binders with Locking Rings, Label Holders",Binders and Binder Accessories,Office Supplies,0.05,7.3,0.38,43.36200000000001,OF_05,0.365,1,4,BS-11590,Brendan Sweed,Consumer,brendan_sweed@example.com,"Gilbert, Arizona",West,2
11/16/2011,32,169,1263.36,"80 Minute CD-R Spindle, 100/Pack - Staples",Computer Peripherals,Technology,0.0,39.48,0.54,682.2144,TE_15,5.922,1,1,BS-11590,Brendan Sweed,Corporate,brendan_sweed@example.com,"Gilbert, Arizona",West,2
11/16/2011,5,170,459.459,"Bush Westfield Collection Bookcases, Dark Cherry Finish, Fully Assembled",Bookcases,Furniture,0.09,100.98,0.78,348.38100000000003,FU_10,10.098,2,4,KD-16270,Karen Daniels,Corporate,karen_daniels@example.com,"Springfield, Virginia",South,1
11/16/2011,41,171,786.4128000000001,12-1/2 Diameter Round Wall Clock,Office Furnishings,Furniture,0.04,19.98,0.49,368.6310000000001,FU_11,1.9980000000000002,3,4,HM-14980,Henry MacAllister,Corporate,henry_macallister@example.com,"New York City, New York",East,4
8/7/2011,22,172,5954.871999999999,SAFCO Arco Folding Chair,Chairs & Chairmats,Furniture,0.02,276.2,,,FU_12,27.62,4,2,TB-21520,Tracy Blumstein,Corporate,tracy_blumstein@example.com,"Jackson, Michigan",Central,3
6/8/2010,50,173,744.325,"#10 White Business Envelopes,4 1/8 x 9 1/2",Envelopes,Office Supplies,0.05,15.67,0.38,258.555,OF_42,0.7835000000000001,2,4,JE-15745,Joel Eaton,Corporate,joel_eaton@example.com,"Memphis, Tennessee",South,1
10/17/2009,37,174,932.4222000000001,3M Office Air Cleaner,Appliances,Office Supplies,0.03,25.98,0.5,451.7922000000001,OF_43,1.2990000000000002,1,5,JE-15745,Joel Eaton,Consumer,joel_eaton@example.com,"Memphis, Tennessee",South,1
8/28/2011,4,175,1155.7632,"Global Leather and Oak Executive Chair, Black",Chairs & Chairmats,Furniture,0.04,300.98,0.56,626.0384000000001,FU_13,30.098000000000003,2,2,JE-15745,Joel Eaton,Corporate,joel_eaton@example.com,"Memphis, Tennessee",South,1
9/29/2011,19,176,353.04659999999996,Xerox 1936,Paper,Office Supplies,0.07,19.98,0.38,117.68219999999994,OF_44,0.9990000000000001,1,4,KB-16600,Ken Brennan,Small Business,ken_brennan@example.com,"Houston, Texas",Central,3
9/29/2011,24,177,139.96800000000002,Xerox 214,Paper,Office Supplies,0.1,6.48,0.37,41.990399999999994,OF_45,0.32400000000000007,1,3,KB-16600,Ken Brennan,Small Business,ken_brennan@example.com,"Houston, Texas",Central,3
5/4/2012,40,178,3239.2000000000003,Carina Double Wide Media Storage Towers in Natural & Black,Storage & Organization,Office Supplies,0.0,80.98,0.81,2623.7520000000004,OF_46,4.049,2,5,KB-16600,Ken Brennan,Small Business,ken_brennan@example.com,"Houston, Texas",Central,3
5/17/2011,5,179,8.648,Staples® General Use 3-Ring Binders,Binders and Binder Accessories,Office Supplies,0.08,1.88,0.37,2.726,OF_47,0.094,1,5,JE-15745,Joel Eaton,Consumer,joel_eaton@example.com,"Houston, Texas",Central,3
5/17/2011,41,180,239.11200000000002,Xerox 1904,Paper,Office Supplies,0.1,6.48,0.36,69.07679999999999,OF_48,0.32400000000000007,2,3,SC-20770,Stewart Carmichael,Consumer,stewart_carmichael@example.com,"Decatur, Alabama",South,1
5/17/2011,35,181,3294.06,Luxo Professional Combination Clamp-On Lamps,Office Furnishings,Furniture,0.08,102.3,0.59,1826.0549999999998,FU_14,10.23,2,3,SC-20770,Stewart Carmichael,Consumer,stewart_carmichael@example.com,"Decatur, Alabama",South,1
5/17/2011,42,182,253.1088,Xerox 217,Paper,Office Supplies,0.07,6.48,0.37,81.64799999999997,OF_49,0.32400000000000007,2,3,DN-13690,Duane Noonan,Consumer,duane_noonan@example.com,"San Francisco, California",West,2
5/17/2011,46,183,86.0706,Revere Boxed Rubber Bands by Revere,Rubber Bands,Office Supplies,0.01,1.89,0.83,71.29079999999999,OF_50,0.0945,2,5,DN-13690,Duane Noonan,Consumer,duane_noonan@example.com,"San Francisco, California",West,2
11/17/2009,47,184,2799.696,"Acco Smartsocket Table Surge Protector, 6 Color-Coded Adapter Outlets",Appliances,Office Supplies,0.04,62.05,0.55,1487.3385,OF_51,3.1025,2,3,JC-16105,Julie Creighton,Corporate,julie_creighton@example.com,"Durham, North Carolina",South,1
10/10/2011,7,185,1878.1055999999999,"Tennsco Snap-Together Open Shelving Units, Starter Sets and Add-On Units",Storage & Organization,Office Supplies,0.04,279.48,0.8,1486.8336,OF_52,13.974000000000002,1,3,CS-12400,Christopher Schild,Corporate,christopher_schild@example.com,"Chicago, Illinois",Central,3
10/7/2012,36,186,11324.1744,Hon 4070 Series Pagoda Round Back Stacking Chairs,Chairs & Chairmats,Furniture,0.02,320.98,0.57,6355.403999999999,FU_15,32.098000000000006,2,4,PO-18865,Patrick O'Donnell,Home Office,patrick_o'donnell@example.com,"Columbia, South Carolina",South,1
10/7/2012,5,187,85.36500000000001,Xerox 1887,Paper,Office Supplies,0.1,18.97,0.37,25.60950000000002,OF_53,0.9485,2,5,PG-18895,Paul Gonzalez,Home Office,paul_gonzalez@example.com,"Rochester, Minnesota",Central,3
10/7/2012,32,188,1533.8175999999999,Xerox 1891,Paper,Office Supplies,0.02,48.91,0.38,563.4431999999999,OF_54,2.4455,2,4,PG-18895,Paul Gonzalez,Home Office,paul_gonzalez@example.com,"Rochester, Minnesota",Central,3
8/13/2011,44,189,168.9996,Avery 506,Labels,Office Supplies,0.07,4.13,0.39,58.15039999999999,OF_55,0.20650000000000002,1,5,GM-14455,Gary Mitchum,Corporate,gary_mitchum@example.com,"Houston, Texas",Central,3
8/16/2011,32,190,4511.36,"Bush Heritage Pine Collection 5-Shelf Bookcase, Albany Pine Finish, *Special Order",Bookcases,Furniture,0.0,140.98,0.65,2932.384,FU_16,14.097999999999999,3,5,JS-15685,Jim Sink,Corporate,jim_sink@example.com,"Los Angeles, California",West,2
8/16/2011,44,191,9499.5648,"Lifetime Advantage Folding Chairs, 4/Carton",Chairs & Chairmats,Furniture,0.01,218.08,0.57,5373.4911999999995,FU_17,21.808000000000003,2,2,JS-15685,Jim Sink,Corporate,jim_sink@example.com,"Los Angeles, California",West,2
8/16/2011,34,192,1577.3211999999999,Microsoft Natural Multimedia Keyboard,Computer Peripherals,Technology,0.09,50.98,0.73,1109.3247999999999,TE_16,7.646999999999999,2,5,JS-15685,Jim Sink,Corporate,jim_sink@example.com,"Los Angeles, California",West,2
3/4/2009,1,193,9.5316,"Staples Wirebound Steno Books, 6"" x 9"", 12/Pack",Paper,Office Supplies,0.06,10.14,0.36,3.041999999999999,OF_56,0.507,2,4,KB-16315,Karl Braun,Small Business,karl_braun@example.com,"Minneapolis, Minnesota",Central,3
8/18/2009,50,194,791.505,"GBC Pre-Punched Binding Paper, Plastic, White, 8-1/2"" x 11""",Binders and Binder Accessories,Office Supplies,0.01,15.99,0.37,287.82,OF_15,0.7995000000000001,1,4,KB-16315,Karl Braun,Corporate,karl_braun@example.com,"Minneapolis, Minnesota",Central,3
11/16/2010,29,195,7525.1781,Bevis Boat-Shaped Conference Table,Tables,Furniture,0.01,262.11,0.75,5624.8806,FU_18,26.211000000000002,4,5,KB-16315,Karl Braun,Corporate,karl_braun@example.com,"Minneapolis, Minnesota",Central,3
5/27/2011,25,196,773.045,"Linden® 12"" Wall Clock With Oak Frame",Office Furnishings,Furniture,0.09,33.98,0.55,390.77000000000004,FU_19,3.3979999999999997,4,3,RB-19705,Roger Barcio,Corporate,roger_barcio@example.com,"Portland, Oregon",West,2
5/27/2011,46,197,73.67360000000001,Newell 326,Pens & Art Supplies,Office Supplies,0.09,1.76,0.56,38.051200000000016,OF_57,0.08800000000000001,2,4,PN-18775,Parhena Norris,Corporate,parhena_norris@example.com,"New York City, New York",East,4
8/23/2010,15,198,297.6,Prismacolor Color Pencil Set,Pens & Art Supplies,Office Supplies,0.0,19.84,0.44,130.94400000000002,OF_58,0.992,1,3,KD-16345,Katherine Ducich,Corporate,katherine_ducich@example.com,"San Francisco, California",West,2
8/19/2011,20,199,379.61999999999995,Xerox Blank Computer Paper,Paper,Office Supplies,0.05,19.98,0.38,131.86799999999994,OF_59,0.9990000000000001,2,5,ER-13855,Elpida Rittenbach,Small Business,elpida_rittenbach@example.com,"Saint Paul, Minnesota",Central,3
1/3/2012,14,200,1290.1055999999999,600 Series Flip,Telephones and Communication,Technology,0.04,95.99,0.57,712.2457999999999,TE_17,14.398499999999999,3,1,RB-19465,Rick Bensley,Consumer,rick_bensley@example.com,"Chicago, Illinois",Central,3
11/29/2012,48,201,4796.496,Fellowes Recycled Storage Drawers,Storage & Organization,Office Supplies,0.1,111.03,0.78,3624.0192,OF_60,5.551500000000001,2,5,RB-19465,Rick Bensley,Small Business,rick_bensley@example.com,"Chicago, Illinois",Central,3
3/17/2012,8,202,329.91599999999994,Satellite Sectional Post Binders,Binders and Binder Accessories,Office Supplies,0.05,43.41,0.39,118.07519999999997,OF_61,2.1705,2,4,RB-19465,Rick Bensley,Corporate,rick_bensley@example.com,"Chicago, Illinois",Central,3
4/12/2010,15,203,1437.891,Deflect-o DuraMat Antistatic Studded Beveled Mat for Medium Pile Carpeting,Office Furnishings,Furniture,0.09,105.34,0.61,821.652,FU_20,10.534,4,4,GZ-14470,Gary Zandusky,Corporate,gary_zandusky@example.com,"Rochester, Minnesota",Central,3
8/24/2010,30,204,100.737,Avery 487,Labels,Office Supplies,0.09,3.69,0.38,32.102999999999994,OF_62,0.1845,1,4,LC-16870,Lena Cacioppo,Home Office,lena_cacioppo@example.com,"Aurora, Colorado",West,2
7/4/2011,6,205,878.04,Bevis Round Conference Table Top & Single Column Base,Tables,Furniture,0.0,146.34,0.65,570.7259999999999,FU_21,14.634,3,5,LC-16870,Lena Cacioppo,Corporate,lena_cacioppo@example.com,"Aurora, Colorado",West,2
11/10/2010,25,206,380.5,"GBC Twin Loop Wire Binding Elements, 9/16"" Spine, Black",Binders and Binder Accessories,Office Supplies,0.0,15.22,0.36,136.98,OF_63,0.7610000000000001,2,4,LC-16870,Lena Cacioppo,Consumer,lena_cacioppo@example.com,"Aurora, Colorado",West,2
6/24/2010,4,207,57.776,Hanging Personal Folder File,Storage & Organization,Office Supplies,0.08,15.7,0.6,32.656000000000006,OF_64,0.785,1,4,JM-15250,Janet Martin,Corporate,janet_martin@example.com,"Charlotte, North Carolina",South,1
6/24/2010,26,208,4428.463,"Bevis Round Conference Table Top, X-Base",Tables,Furniture,0.05,179.29,0.74,3216.4626,FU_22,17.929,3,3,JM-15250,Janet Martin,Corporate,janet_martin@example.com,"Charlotte, North Carolina",South,1
9/19/2012,46,209,9060.6292,5125,Telephones and Communication,Technology,0.02,200.99,0.59,5269.957799999998,TE_18,30.1485,3,2,JM-15250,Janet Martin,Home Office,janet_martin@example.com,"Charlotte, North Carolina",South,1
9/19/2012,23,210,4424.211,Electrix Halogen Magnifier Lamp,Office Furnishings,Furniture,0.01,194.3,0.59,2591.962,FU_23,19.430000000000003,4,2,PA-19060,Pete Armstrong,Home Office,pete_armstrong@example.com,"Orland Park, Illinois",Central,3
12/24/2011,25,211,2903.2799999999997,Canon BP1200DH 12-Digit Bubble Jet Printing Calculator,Office Machines,Technology,0.04,120.97,0.36,967.7599999999998,TE_19,18.1455,2,5,CV-12805,Cynthia Voltz,Corporate,cynthia_voltz@example.com,"New York City, New York",East,4
3/23/2012,5,212,27.016499999999994,Fellowes Black Plastic Comb Bindings,Binders and Binder Accessories,Office Supplies,0.07,5.81,0.39,9.295999999999996,OF_65,0.2905,1,4,CL-12565,Clay Ludtke,Corporate,clay_ludtke@example.com,"Urbandale, Iowa",Central,3
10/15/2011,12,213,21860.865599999997,Polycom ViewStation Adapter H323 Videoconferencing Unit,Office Machines,Technology,0.06,1938.02,0.38,7441.996799999997,TE_20,290.703,3,5,CL-12565,Clay Ludtke,Corporate,clay_ludtke@example.com,"Urbandale, Iowa",Central,3
8/7/2010,24,214,5222.4767999999995,Hon GuestStacker Chair,Chairs & Chairmats,Furniture,0.04,226.67,0.59,2992.0439999999994,FU_24,22.667,2,1,RC-19960,Ryan Crowe,Home Office,ryan_crowe@example.com,"Columbus, Ohio",East,4
3/3/2009,34,215,65.06240000000001,Eldon® Wave Desk Accessories,Office Furnishings,Furniture,0.08,2.08,0.43,24.752000000000002,FU_25,0.20800000000000002,3,2,RC-19960,Ryan Crowe,Corporate,ryan_crowe@example.com,"Columbus, Ohio",East,4
2/9/2010,44,216,20679.5864,Sharp AL-1530CS Digital Copier,Copiers and Fax,Technology,0.06,499.99,0.36,6599.867999999999,TE_21,74.99849999999999,1,4,RC-19960,Ryan Crowe,Small Business,ryan_crowe@example.com,"Columbus, Ohio",East,4
2/9/2010,28,217,575.6912,"Tennsco Lockers, Gray",Storage & Organization,Office Supplies,0.02,20.98,0.78,446.45439999999996,OF_66,1.0490000000000002,2,5,RC-19960,Ryan Crowe,Small Business,ryan_crowe@example.com,"Columbus, Ohio",East,4
1/17/2009,40,218,1123.5040000000001,"Avery 4027 File Folder Labels for Dot Matrix Printers, 5000 Labels per Box, White",Labels,Office Supplies,0.08,30.53,0.39,378.5720000000001,OF_67,1.5265000000000002,2,4,DK-13090,Dave Kipp,Small Business,dave_kipp@example.com,"Seattle, Washington",West,2
1/17/2009,46,219,76.5072,Newell 323,Pens & Art Supplies,Office Supplies,0.01,1.68,0.59,44.822399999999995,OF_68,0.084,1,3,GG-14650,Greg Guthrie,Small Business,greg_guthrie@example.com,"Bristol, Tennessee",South,1
8/30/2010,19,220,5045.6476,Global Enterprise Series Seating High-Back Swivel/Tilt Chairs,Chairs & Chairmats,Furniture,0.02,270.98,0.77,3861.465,FU_26,27.098000000000003,4,5,SC-20725,Steven Cartwright,Corporate,steven_cartwright@example.com,"Wilmington, Delaware",East,4
8/30/2010,20,221,89.60000000000001,Spiral Phone Message Books with Labels by Adams,Paper,Office Supplies,0.0,4.48,0.36,32.256,OF_69,0.22400000000000003,2,3,SC-20725,Steven Cartwright,Corporate,steven_cartwright@example.com,"Wilmington, Delaware",East,4
9/11/2009,40,222,431.64,Crate-A-Files,Storage & Organization,Office Supplies,0.01,10.9,0.59,252.87999999999997,OF_41,0.545,1,5,SC-20725,Steven Cartwright,Small Business,steven_cartwright@example.com,"Wilmington, Delaware",East,4
9/11/2009,49,223,352.35900000000004,Bell Sonecor JB700 Caller ID,Telephones and Communication,Technology,0.1,7.99,0.6,195.75500000000002,TE_13,1.1985,1,5,SC-20725,Steven Cartwright,Small Business,steven_cartwright@example.com,"Wilmington, Delaware",East,4
7/16/2009,47,224,977.2991999999999,Holmes 99% HEPA Air Purifier,Appliances,Office Supplies,0.04,21.66,0.52,488.64959999999996,OF_70,1.083,1,4,SC-20725,Steven Cartwright,Home Office,steven_cartwright@example.com,"Wilmington, Delaware",East,4
11/15/2012,44,225,259.4592,Xerox 224,Paper,Office Supplies,0.09,6.48,0.37,79.83359999999999,OF_71,0.32400000000000007,1,3,AD-10180,Alan Dominguez,Corporate,alan_dominguez@example.com,"Houston, Texas",Central,3
9/10/2011,6,226,195.62879999999998,Xerox 1906,Paper,Office Supplies,0.08,35.44,0.38,63.792,OF_72,1.772,2,3,PF-19165,Philip Fox,Small Business,philip_fox@example.com,"Bloomington, Illinois",Central,3
4/10/2011,30,227,460.512,"GBC Pre-Punched Binding Paper, Plastic, White, 8-1/2"" x 11""",Binders and Binder Accessories,Office Supplies,0.04,15.99,0.37,158.301,OF_15,0.7995000000000001,2,3,TS-21610,Troy Staebel,Small Business,troy_staebel@example.com,"Phoenix, Arizona",West,2
4/10/2011,23,228,247.779,Xerox 188,Paper,Office Supplies,0.05,11.34,0.36,80.85419999999999,OF_73,0.5670000000000001,1,3,TS-21610,Troy Staebel,Small Business,troy_staebel@example.com,"Phoenix, Arizona",West,2
4/10/2011,37,229,1285.0543999999998,Xerox 1932,Paper,Office Supplies,0.02,35.44,0.38,472.06079999999974,OF_74,1.772,1,5,LS-16975,Lindsay Shagiari,Small Business,lindsay_shagiari@example.com,"Los Angeles, California",West,2
10/9/2011,1,230,28.1918,GBC Linen Binding Covers,Binders and Binder Accessories,Office Supplies,0.09,30.98,0.37,8.674399999999999,OF_75,1.5490000000000002,1,4,LS-16975,Lindsay Shagiari,Small Business,lindsay_shagiari@example.com,"Los Angeles, California",West,2
10/9/2011,42,231,1320.1188,GBC Recycled Grain Textured Covers,Binders and Binder Accessories,Office Supplies,0.09,34.54,0.37,406.19039999999995,OF_76,1.727,1,3,DW-13585,Dorothy Wardle,Small Business,dorothy_wardle@example.com,"Columbus, Ohio",East,4
10/23/2012,34,232,5290.1212000000005,"Sauder Facets Collection Library, Sky Alder Finish",Bookcases,Furniture,0.09,170.98,0.69,3487.992,FU_27,17.098,4,4,DW-13585,Dorothy Wardle,Corporate,dorothy_wardle@example.com,"Columbus, Ohio",East,4
1/8/2012,15,233,292.2525,"Fellowes Basic 104-Key Keyboard, Platinum",Computer Peripherals,Technology,0.07,20.95,0.6,166.55249999999998,TE_22,3.1424999999999996,1,1,DW-13585,Dorothy Wardle,Consumer,dorothy_wardle@example.com,"Columbus, Ohio",East,4
1/25/2010,48,234,9062.7264,Kensington 7 Outlet MasterPiece Power Center with Fax/Phone Line Protection,Appliances,Office Supplies,0.09,207.48,0.55,4581.1584,OF_77,10.374,1,2,LC-16885,Lena Creighton,Home Office,lena_creighton@example.com,"Roseville, California",West,2
1/25/2010,27,235,1459.8953999999999,O'Sullivan 3-Shelf Heavy-Duty Bookcases,Bookcases,Furniture,0.07,58.14,0.61,847.6811999999999,FU_28,5.814,2,5,LC-16885,Lena Creighton,Home Office,lena_creighton@example.com,"Roseville, California",West,2
1/27/2011,42,236,270.5136,G.E. Longer-Life Indoor Recessed Floodlight Bulbs,Office Furnishings,Furniture,0.03,6.64,0.37,94.8192,FU_01,0.664,2,2,LC-16885,Lena Creighton,Home Office,lena_creighton@example.com,"Roseville, California",West,2
1/27/2011,39,237,5332.196999999999,Panasonic KX-P1150 Dot Matrix Printer,Office Machines,Technology,0.06,145.45,0.56,2836.2749999999996,TE_23,21.8175,1,5,LC-16885,Lena Creighton,Home Office,lena_creighton@example.com,"Roseville, California",West,2
1/27/2011,35,238,75.0295,Newell 327,Pens & Art Supplies,Office Supplies,0.03,2.21,0.58,42.5425,OF_78,0.1105,2,5,LC-16885,Lena Creighton,Home Office,lena_creighton@example.com,"Roseville, California",West,2
8/27/2009,50,239,2008.51,Xerox 1893,Paper,Office Supplies,0.02,40.99,0.36,696.8299999999999,OF_79,2.0495,2,4,LC-16885,Lena Creighton,Small Business,lena_creighton@example.com,"Roseville, California",West,2
3/17/2011,18,240,4303.807199999999,"Hon Deluxe Fabric Upholstered Stacking Chairs, Rounded Back",Chairs & Chairmats,Furniture,0.02,243.98,0.55,2327.5692,FU_29,24.398,3,5,LC-16885,Lena Creighton,Corporate,lena_creighton@example.com,"Roseville, California",West,2
3/17/2011,42,241,1645.5768,Eldon Radial Chair Mat for Low to Medium Pile Carpets,Office Furnishings,Furniture,0.02,39.98,0.65,1057.8708000000001,FU_30,3.9979999999999998,3,2,JD-15895,Jonathan Doherty,Corporate,jonathan_doherty@example.com,"Philadelphia, Pennsylvania",East,4
6/6/2012,31,242,389.98,"DAX Copper Panel Document Frame, 5 x 7 Size",Office Furnishings,Furniture,0.0,12.58,0.43,167.6914,FU_31,1.258,3,1,SH-19975,Sally Hughsby,Small Business,sally_hughsby@example.com,"San Francisco, California",West,2
4/11/2011,36,243,1731.3912,O'Sullivan 2-Shelf Heavy-Duty Bookcases,Bookcases,Furniture,0.01,48.58,0.69,1189.2384,FU_32,4.8580000000000005,2,4,SH-19975,Sally Hughsby,Home Office,sally_hughsby@example.com,"San Francisco, California",West,2
4/11/2011,36,244,3662.6688,"Tenex 46"" x 60"" Computer Anti-Static Chairmat, Rectangular Shaped",Office Furnishings,Furniture,0.04,105.98,0.65,2327.3208,FU_33,10.598,3,1,SH-19975,Sally Hughsby,Home Office,sally_hughsby@example.com,"San Francisco, California",West,2
4/11/2011,4,245,25.625600000000002,"Wirebound Message Books, 2 7/8"" x 5"", 3 Forms per Page",Paper,Office Supplies,0.09,7.04,0.38,8.166400000000003,OF_80,0.35200000000000004,1,5,SG-20080,Sandra Glassco,Home Office,sandra_glassco@example.com,"Independence, Missouri",Central,3
11/6/2012,32,246,300.4416,"Memorex Slim 80 Minute CD-R, 10/Pack",Computer Peripherals,Technology,0.04,9.78,0.43,122.05439999999999,TE_24,1.4669999999999999,2,2,HA-14920,Helen Andreada,Corporate,helen_andreada@example.com,"Pasadena, California",West,2
11/6/2012,17,247,205.66260000000003,Aluminum Document Frame,Office Furnishings,Furniture,0.01,12.22,0.55,112.17960000000004,FU_34,1.2220000000000002,3,5,MG-17680,Maureen Gastineau,Corporate,maureen_gastineau@example.com,"Newark, Ohio",East,4
5/16/2012,3,248,118.74600000000001,"Memorex 80 Minute CD-R Spindle, 100/Pack",Computer Peripherals,Technology,0.1,43.98,0.44,44.8596,TE_25,6.5969999999999995,3,3,JE-16165,Justin Ellison,Home Office,justin_ellison@example.com,"Franklin, Wisconsin",Central,3
4/9/2012,8,249,278.08,"Multi-Use Personal File Cart and Caster Set, Three Stacking Bins",Storage & Organization,Office Supplies,0.0,34.76,0.57,158.50559999999996,OF_81,1.738,1,4,JE-16165,Justin Ellison,Corporate,justin_ellison@example.com,"Franklin, Wisconsin",Central,3
4/9/2012,29,250,1510.0502999999999,Accessory36,Telephones and Communication,Technology,0.07,55.99,0.83,1234.0195999999999,TE_26,8.3985,3,5,JE-16165,Justin Ellison,Corporate,justin_ellison@example.com,"Franklin, Wisconsin",Central,3
8/5/2012,19,251,116.964,Xerox 20,Paper,Office Supplies,0.05,6.48,0.37,39.39839999999998,OF_82,0.32400000000000007,1,5,JE-16165,Justin Ellison,Corporate,justin_ellison@example.com,"Franklin, Wisconsin",Central,3
7/22/2009,9,252,250.2864,Surelock Post Binders,Binders and Binder Accessories,Office Supplies,0.09,30.56,0.35,71.51039999999998,OF_83,1.528,1,4,TW-21025,Tamara Willingham,Corporate,tamara_willingham@example.com,"Scottsdale, Arizona",West,2
5/9/2010,10,253,46.956,Colorific® Watercolor Pencils,Pens & Art Supplies,Office Supplies,0.09,5.16,0.56,24.252000000000002,OF_84,0.258,1,3,TW-21025,Tamara Willingham,Small Business,tamara_willingham@example.com,"Scottsdale, Arizona",West,2
5/9/2010,1,254,3.5328,"*Staples* vLetter Openers, 2/Pack","Scissors, Rulers and Trimmers",Office Supplies,0.04,3.68,0.83,2.9071999999999996,OF_85,0.18400000000000002,2,4,SP-20650,Stephanie Phelps,Small Business,stephanie_phelps@example.com,"San Jose, California",West,2
2/18/2009,30,255,9718.254,Hon 4700 Series Mobuis Mid-Back Task Chairs with Adjustable Arms,Chairs & Chairmats,Furniture,0.09,355.98,0.64,5873.67,FU_35,35.598000000000006,3,3,SP-20650,Stephanie Phelps,Corporate,stephanie_phelps@example.com,"San Jose, California",West,2
2/18/2009,8,256,1680.0,BoxOffice By Design Rectangular and Half-Moon Meeting Room Tables,Tables,Furniture,0.04,218.75,0.77,1277.5,FU_36,21.875,2,3,SP-20650,Stephanie Phelps,Corporate,stephanie_phelps@example.com,"San Jose, California",West,2
6/27/2012,47,257,1890.6173,Eldon Econocleat® Chair Mats for Low Pile Carpets,Office Furnishings,Furniture,0.03,41.47,0.73,1364.3629999999998,FU_37,4.147,3,2,NK-18490,Neil Knudson,Corporate,neil_knudson@example.com,"Seattle, Washington",West,2
6/27/2012,6,258,16.513199999999998,Prang Drawing Pencil Set,Pens & Art Supplies,Office Supplies,0.01,2.78,0.58,9.507599999999998,OF_86,0.13899999999999998,1,5,DB-13060,Dave Brooks,Corporate,dave_brooks@example.com,"Seattle, Washington",West,2
6/27/2012,49,259,7108.4643,T39m,Telephones and Communication,Technology,0.07,155.99,0.55,3668.8848,TE_27,23.398500000000002,1,1,NP-18670,Nora Paige,Corporate,nora_paige@example.com,"Edmond, Oklahoma",Central,3
9/30/2010,6,260,135.6696,Xerox 1982,Paper,Office Supplies,0.01,22.84,0.39,52.07520000000001,OF_87,1.1420000000000001,1,5,NP-18670,Nora Paige,Small Business,nora_paige@example.com,"Edmond, Oklahoma",Central,3
4/15/2010,25,261,131.495,Xerox 1924,Paper,Office Supplies,0.09,5.78,0.36,39.015,OF_88,0.28900000000000003,2,5,TT-21070,Ted Trevino,Consumer,ted_trevino@example.com,"Los Angeles, California",West,2
4/15/2010,20,262,121.94000000000001,Turquoise Lead Holder with Pocket Clip,Pens & Art Supplies,Office Supplies,0.09,6.7,0.52,57.62000000000002,OF_89,0.335,1,3,EM-13960,Eric Murdock,Consumer,eric_murdock@example.com,"Philadelphia, Pennsylvania",East,4
9/14/2011,4,263,5114.1264,Okidata ML395C Color Dot Matrix Printer,Office Machines,Technology,0.06,1360.14,0.59,2883.4968,TE_28,204.02100000000002,1,4,RD-19900,Ruben Dartt,Home Office,ruben_dartt@example.com,"Carlsbad, New Mexico",West,2
9/21/2010,7,264,1726.1426000000001,Global Enterprise Series Seating High-Back Swivel/Tilt Chairs,Chairs & Chairmats,Furniture,0.09,270.98,0.77,1289.8648,FU_26,27.098000000000003,2,1,MJ-17740,Max Jones,Small Business,max_jones@example.com,"Seattle, Washington",West,2
8/17/2010,31,265,591.5636999999999,Microsoft Internet Keyboard,Computer Peripherals,Technology,0.09,20.97,0.78,448.5482999999999,TE_29,3.1454999999999997,2,3,BM-11140,Becky Martin,Small Business,becky_martin@example.com,"San Antonio, Texas",Central,3
9/16/2009,27,266,592.0128,Xerox 1982,Paper,Office Supplies,0.04,22.84,0.39,215.83799999999997,OF_87,1.1420000000000001,2,4,BM-11140,Becky Martin,Home Office,becky_martin@example.com,"San Antonio, Texas",Central,3
6/22/2009,7,267,1140.174,Global Ergonomic Managers Chair,Chairs & Chairmats,Furniture,0.1,180.98,0.59,620.7614,FU_38,18.098,2,1,BM-11140,Becky Martin,Corporate,becky_martin@example.com,"San Antonio, Texas",Central,3
8/28/2012,27,268,3253.5432,"Office Star - Contemporary Task Swivel chair with 2-way adjustable arms, Plum",Chairs & Chairmats,Furniture,0.08,130.98,0.78,2475.5220000000004,FU_39,13.097999999999999,4,5,BM-11140,Becky Martin,Consumer,becky_martin@example.com,"San Antonio, Texas",Central,3
6/7/2011,48,269,186.95040000000003,Xerox 1971,Paper,Office Supplies,0.09,4.28,0.4,63.68640000000002,OF_90,0.21400000000000002,1,4,BM-11140,Becky Martin,Corporate,becky_martin@example.com,"San Antonio, Texas",Central,3
6/7/2011,8,270,205.87840000000003,Eldon Portable Mobile Manager,Storage & Organization,Office Supplies,0.09,28.28,0.58,110.85760000000002,OF_91,1.4140000000000001,2,4,BM-11140,Becky Martin,Corporate,becky_martin@example.com,"San Antonio, Texas",Central,3
6/7/2011,41,271,2088.9869000000003,Accessory6,Telephones and Communication,Technology,0.09,55.99,0.8,1629.8689000000004,TE_30,8.3985,1,3,BM-11140,Becky Martin,Corporate,becky_martin@example.com,"San Antonio, Texas",Central,3
10/9/2009,30,272,108.3,Durable Pressboard Binders,Binders and Binder Accessories,Office Supplies,0.05,3.8,0.38,37.620000000000005,OF_92,0.19,1,5,CS-12130,Chad Sievert,Corporate,chad_sievert@example.com,"Los Angeles, California",West,2
10/9/2009,15,273,419.46450000000004,Fellowes 17-key keypad for PS/2 interface,Computer Peripherals,Technology,0.09,30.73,0.75,304.22700000000003,TE_31,4.6095,2,2,CS-12130,Chad Sievert,Corporate,chad_sievert@example.com,"Los Angeles, California",West,2
10/9/2009,49,274,6173.509999999999,StarTAC ST7762,Telephones and Communication,Technology,0.0,125.99,0.57,3518.9006999999992,TE_32,18.8985,3,5,CS-12130,Chad Sievert,Corporate,chad_sievert@example.com,"Los Angeles, California",West,2
12/5/2010,9,275,188.91,Accessory21,Telephones and Communication,Technology,0.0,20.99,0.37,69.89670000000001,TE_33,3.1485,1,2,JB-15400,Jennifer Braxton,Corporate,jennifer_braxton@example.com,"Chicago, Illinois",Central,3
6/7/2009,18,276,22877.82,Fellowes PB500 Electric Punch Plastic Comb Binding Machine with Manual Bind,Binders and Binder Accessories,Office Supplies,0.0,1270.99,0.35,8007.236999999999,OF_93,63.5495,2,3,JB-15400,Jennifer Braxton,Small Business,jennifer_braxton@example.com,"Chicago, Illinois",Central,3
7/27/2009,21,277,243.82890000000003,Staples 6 Outlet Surge,Appliances,Office Supplies,0.03,11.97,0.58,138.25350000000003,OF_94,0.5985,2,2,SJ-20500,Shirley Jackson,Corporate,shirley_jackson@example.com,"Houston, Texas",Central,3
9/5/2011,30,278,364.716,Recycled Eldon Regeneration Jumbo File,Storage & Organization,Office Supplies,0.01,12.28,0.57,206.304,OF_95,0.614,1,4,JE-15745,Joel Eaton,Home Office,joel_eaton@example.com,"Newark, Ohio",East,4
1/11/2009,31,279,1143.4535999999998,Verbatim DVD-R 4.7GB authoring disc,Computer Peripherals,Technology,0.06,39.24,0.51,547.3979999999999,TE_34,5.886,1,2,JE-15745,Joel Eaton,Corporate,joel_eaton@example.com,"Newark, Ohio",East,4
8/15/2010,2,280,33.8024,Canon P1-DHIII Palm Printing Calculator,Office Machines,Technology,0.06,17.98,0.4,12.226399999999998,TE_35,2.697,3,4,JK-15640,Jim Kriz,Corporate,jim_kriz@example.com,"New York City, New York",East,4
8/15/2010,11,281,136.75199999999998,GBC Binding covers,Binders and Binder Accessories,Office Supplies,0.04,12.95,0.4,51.28199999999998,OF_96,0.6475,2,5,DK-13150,David Kendrick,Corporate,david_kendrick@example.com,"Decatur, Illinois",Central,3
8/5/2009,49,282,75.73440000000001,Newell 323,Pens & Art Supplies,Office Supplies,0.08,1.68,0.59,41.983200000000004,OF_68,0.084,1,4,DK-13150,David Kendrick,Small Business,david_kendrick@example.com,"Decatur, Illinois",Central,3
9/17/2011,31,283,724.8420000000001,"Global Stack Chair without Arms, Black",Chairs & Chairmats,Furniture,0.1,25.98,0.6,402.69000000000005,FU_40,2.5980000000000003,2,3,RM-19675,Robert Marley,Home Office,robert_marley@example.com,"Monroe, Louisiana",South,1
10/22/2011,42,284,398.37840000000006,"Speediset Carbonless Redi-Letter® 7"" x 8 1/2""",Paper,Office Supplies,0.08,10.31,0.38,129.90600000000006,OF_97,0.5155000000000001,2,3,RM-19675,Robert Marley,Small Business,robert_marley@example.com,"Monroe, Louisiana",South,1
11/14/2009,8,285,454.328,GBC Recycled Regency Composition Covers,Binders and Binder Accessories,Office Supplies,0.05,59.78,0.39,162.60159999999996,OF_98,2.9890000000000003,1,3,RM-19675,Robert Marley,Small Business,robert_marley@example.com,"Monroe, Louisiana",South,1
11/14/2009,33,286,637.2564,Accessory29,Telephones and Communication,Technology,0.08,20.99,0.83,519.5024999999999,TE_36,3.1485,3,2,SK-19990,Sally Knutson,Small Business,sally_knutson@example.com,"Fairfield, Connecticut",East,4
7/3/2010,32,287,52.684799999999996,Newell 323,Pens & Art Supplies,Office Supplies,0.02,1.68,0.59,30.643199999999993,OF_68,0.084,1,3,FM-14290,Frank Merwin,Corporate,frank_merwin@example.com,"Los Angeles, California",West,2
7/3/2010,47,288,299.484,SANFORD Major Accent Highlighters,Pens & Art Supplies,Office Supplies,0.1,7.08,0.47,123.12119999999996,OF_99,0.35400000000000004,2,4,AM-10360,Alice McCarthy,Corporate,alice_mccarthy@example.com,"Grand Prairie, Texas",Central,3
1/30/2009,31,289,16569.7542,Polycom ViaVideo Desktop Video Communications Unit,Office Machines,Technology,0.07,574.74,0.37,5345.0819999999985,TE_37,86.211,2,5,AM-10360,Alice McCarthy,Consumer,alice_mccarthy@example.com,"Grand Prairie, Texas",Central,3
3/15/2012,17,290,565.4285,"Dixon Ticonderoga Core-Lock Colored Pencils, 48-Color Set",Pens & Art Supplies,Office Supplies,0.09,36.55,0.41,198.83199999999994,OF_100,1.8275,1,4,MP-17470,Mark Packer,Home Office,mark_packer@example.com,"New York City, New York",East,4
8/10/2009,35,291,1920.457,Accessory24,Telephones and Communication,Technology,0.02,55.99,0.59,1117.0005,TE_38,8.3985,3,4,MP-17470,Mark Packer,Home Office,mark_packer@example.com,"New York City, New York",East,4
4/1/2010,21,292,999.81,"Howard Miller 13-3/4"" Diameter Brushed Chrome Round Wall Clock",Office Furnishings,Furniture,0.08,51.75,0.55,510.7725,FU_41,5.175000000000001,2,2,MP-17470,Mark Packer,Consumer,mark_packer@example.com,"New York City, New York",East,4
4/1/2010,16,293,796.176,Recycled Steel Personal File for Standard File Folders,Storage & Organization,Office Supplies,0.1,55.29,0.59,433.47360000000003,OF_101,2.7645,1,3,MP-17470,Mark Packer,Consumer,mark_packer@example.com,"New York City, New York",East,4
7/31/2010,49,294,425.565,"Eldon Expressions Desk Accessory, Wood Pencil Holder, Oak",Office Furnishings,Furniture,0.1,9.65,0.55,212.78250000000003,FU_08,0.9650000000000001,2,5,MP-17470,Mark Packer,Corporate,mark_packer@example.com,"New York City, New York",East,4
5/29/2009,13,295,272.87,Accessory39,Telephones and Communication,Technology,0.0,20.99,0.81,221.02470000000002,TE_39,3.1485,1,1,MZ-17515,Mary Zewe,Small Business,mary_zewe@example.com,"Redlands, California",West,2
10/11/2010,44,296,316.40400000000005,Bell Sonecor JB700 Caller ID,Telephones and Communication,Technology,0.1,7.99,0.6,175.78000000000006,TE_13,1.1985,1,4,CB-12025,Cassandra Brandow,Corporate,cassandra_brandow@example.com,"Hamilton, Ohio",East,4
5/18/2010,2,297,14.6688,"#10- 4 1/8"" x 9 1/2"" Security-Tint Envelopes",Envelopes,Office Supplies,0.04,7.64,0.36,4.8896,OF_102,0.382,1,4,CB-12025,Cassandra Brandow,Corporate,cassandra_brandow@example.com,"Hamilton, Ohio",East,4
2/8/2011,13,298,111.5985,GBC Standard Plastic Binding Systems Combs,Binders and Binder Accessories,Office Supplies,0.03,8.85,0.36,37.96650000000001,OF_103,0.4425,2,5,VM-21685,Valerie Mitchum,Consumer,valerie_mitchum@example.com,"Westfield, New Jersey",East,4
12/7/2010,16,299,101.60640000000001,Xerox 1930,Paper,Office Supplies,0.02,6.48,0.36,35.2512,OF_104,0.32400000000000007,1,5,FH-14365,Fred Hopkins,Corporate,fred_hopkins@example.com,"Philadelphia, Pennsylvania",East,4
12/7/2010,27,300,73.0944,Avery 474,Labels,Office Supplies,0.06,2.88,0.36,23.327999999999996,OF_105,0.144,1,4,FH-14365,Fred Hopkins,Corporate,fred_hopkins@example.com,"Philadelphia, Pennsylvania",East,4
1/6/2009,30,301,25372.224000000002,"Riverside Palais Royal Lawyers Bookcase, Royale Cherry Finish",Bookcases,Furniture,0.04,880.98,0.62,15329.052000000001,FU_42,88.09800000000001,4,4,MB-17305,Maria Bertelson,Home Office,maria_bertelson@example.com,"Akron, Ohio",East,4
3/12/2012,14,302,2644.7652,Hewlett-Packard Deskjet 6122 Color Inkjet Printer,Office Machines,Technology,0.06,200.97,0.36,844.0739999999998,TE_40,30.1455,2,1,BS-11755,Bruce Stewart,Corporate,bruce_stewart@example.com,"Denver, Colorado",West,2
8/26/2010,26,303,499.6888,"IBM 80 Minute CD-R Spindle, 50/Pack",Computer Peripherals,Technology,0.08,20.89,0.48,217.25600000000003,TE_41,3.1335,1,4,BS-11755,Bruce Stewart,Home Office,bruce_stewart@example.com,"Denver, Colorado",West,2
8/26/2010,28,304,304.7856,"Peel & Seel® Recycled Catalog Envelopes, Brown",Envelopes,Office Supplies,0.06,11.58,0.35,94.02959999999999,OF_106,0.5790000000000001,2,4,LC-17140,Logan Currie,Home Office,logan_currie@example.com,"Dallas, Texas",Central,3
8/26/2010,42,305,157.8486,Avery 506,Labels,Office Supplies,0.09,4.13,0.39,52.03800000000001,OF_55,0.20650000000000002,2,5,HK-14890,Heather Kirkland,Home Office,heather_kirkland@example.com,"Franklin, Tennessee",South,1
6/20/2011,38,306,95.076,Prang Drawing Pencil Set,Pens & Art Supplies,Office Supplies,0.1,2.78,0.45,36.974,OF_86,0.13899999999999998,2,3,LE-16810,Laurel Elliston,Corporate,laurel_elliston@example.com,"Whittier, California",West,2
8/4/2010,1,307,14.48,TDK 4.7GB DVD+RW,Computer Peripherals,Technology,0.0,14.48,0.49,7.0952,TE_42,2.172,3,3,JH-15985,Joseph Holt,Small Business,joseph_holt@example.com,"Saginaw, Michigan",Central,3
8/4/2010,27,308,2591.7408,U.S. Robotics 56K Internet Call Modem,Computer Peripherals,Technology,0.04,99.99,0.5,1241.8758,TE_43,14.998499999999998,3,3,JH-15985,Joseph Holt,Small Business,joseph_holt@example.com,"Saginaw, Michigan",Central,3
8/4/2010,2,309,9.8604,Xerox 190,Paper,Office Supplies,0.01,4.98,0.38,3.6852,OF_107,0.24900000000000003,1,5,JH-15985,Joseph Holt,Small Business,joseph_holt@example.com,"Saginaw, Michigan",Central,3
11/23/2010,13,310,257.166,Standard Line While You Were Out Hardbound Telephone Message Book,Paper,Office Supplies,0.1,21.98,0.39,82.8646,OF_108,1.099,2,3,JH-15985,Joseph Holt,Corporate,joseph_holt@example.com,"Saginaw, Michigan",Central,3
11/23/2010,43,311,7669.088700000001,CF 888,Telephones and Communication,Technology,0.09,195.99,0.59,4213.785000000001,TE_44,29.3985,2,1,JH-15985,Joseph Holt,Corporate,joseph_holt@example.com,"Saginaw, Michigan",Central,3
8/2/2009,24,312,4678.5815999999995,Hewlett-Packard Deskjet 6122 Color Inkjet Printer,Office Machines,Technology,0.03,200.97,0.36,1591.6823999999997,TE_40,30.1455,2,3,MS-17980,Michael Stewart,Home Office,michael_stewart@example.com,"Dallas, Texas",Central,3
8/10/2011,23,313,932.8869,Dana Halogen Swing-Arm Architect Lamp,Office Furnishings,Furniture,0.01,40.97,0.57,527.6936,FU_43,4.097,4,1,VW-21775,Victoria Wilson,Small Business,victoria_wilson@example.com,"Medina, Ohio",East,4
8/10/2011,17,314,5703.023999999999,"SAFCO PlanMaster Heigh-Adjustable Drafting Table Base, 43w x 30d x 30-37h, Black",Tables,Furniture,0.04,349.45,,,FU_44,34.945,2,4,VW-21775,Victoria Wilson,Small Business,victoria_wilson@example.com,"Medina, Ohio",East,4
5/6/2010,41,315,2987.793,Lexmark Z25 Color Inkjet Printer,Office Machines,Technology,0.1,80.97,0.37,896.3379,TE_45,12.1455,3,5,VW-21775,Victoria Wilson,Home Office,victoria_wilson@example.com,"Medina, Ohio",East,4
6/28/2012,47,316,9569.387999999999,Hon Multipurpose Stacking Arm Chairs,Chairs & Chairmats,Furniture,0.06,216.6,0.59,5395.505999999999,FU_45,21.66,3,5,VW-21775,Victoria Wilson,Corporate,victoria_wilson@example.com,"Medina, Ohio",East,4
6/28/2012,26,317,3661.06,Hon Olson Stacker Stools,Chairs & Chairmats,Furniture,0.0,140.81,0.57,2086.8041999999996,FU_46,14.081000000000001,3,1,VW-21775,Victoria Wilson,Corporate,victoria_wilson@example.com,"Medina, Ohio",East,4
3/23/2011,6,318,130.8672,"Executive Impressions 14"" Two-Color Numerals Wall Clock",Office Furnishings,Furniture,0.04,22.72,0.44,54.52799999999999,FU_47,2.272,4,4,JH-15910,Jonathan Howell,Corporate,jonathan_howell@example.com,"Los Angeles, California",West,2
11/19/2011,22,319,417.58199999999994,12-1/2 Diameter Round Wall Clock,Office Furnishings,Furniture,0.05,19.98,0.49,193.40639999999993,FU_11,1.9980000000000002,4,5,JH-15910,Jonathan Howell,Small Business,jonathan_howell@example.com,"Los Angeles, California",West,2
11/26/2012,3,320,4097.6481,Epson DFX5000+ Dot Matrix Printer,Office Machines,Technology,0.09,1500.97,0.57,2161.3968,TE_46,225.1455,3,4,JB-15925,Joni Blumstein,Corporate,joni_blumstein@example.com,"Dublin, Ohio",East,4
7/29/2010,29,321,589.3235,"Fellowes Basic 104-Key Keyboard, Platinum",Computer Peripherals,Technology,0.03,20.95,0.6,346.3035,TE_22,3.1424999999999996,2,3,JB-15925,Joni Blumstein,Corporate,joni_blumstein@example.com,"Dublin, Ohio",East,4
7/29/2010,26,322,605.0278,"Recycled Interoffice Envelopes with String and Button Closure, 10 x 13",Envelopes,Office Supplies,0.03,23.99,0.35,199.59679999999997,OF_109,1.1995,1,5,JB-15925,Joni Blumstein,Corporate,joni_blumstein@example.com,"Dublin, Ohio",East,4
5/12/2012,24,323,544.2528000000001,GBC Standard Therm-A-Bind Covers,Binders and Binder Accessories,Office Supplies,0.09,24.92,0.39,179.4240000000001,OF_110,1.2460000000000002,1,5,JB-15925,Joni Blumstein,Home Office,joni_blumstein@example.com,"Dublin, Ohio",East,4
3/3/2012,7,324,254.25119999999998,"80 Minute CD-R Spindle, 100/Pack - Staples",Computer Peripherals,Technology,0.08,39.48,0.54,127.12559999999999,TE_15,5.922,3,4,JB-15925,Joni Blumstein,Corporate,joni_blumstein@example.com,"Dublin, Ohio",East,4
3/3/2012,15,325,558.1439999999999,Xerox 1892,Paper,Office Supplies,0.04,38.76,0.36,186.0479999999999,OF_111,1.938,2,4,JB-15925,Joni Blumstein,Corporate,joni_blumstein@example.com,"Dublin, Ohio",East,4
8/20/2010,49,326,117.3991,Staples Paper Clips,Rubber Bands,Office Supplies,0.03,2.47,0.38,42.3605,OF_112,0.12350000000000001,2,4,DS-13180,David Smith,Corporate,david_smith@example.com,"Detroit, Michigan",Central,3
6/27/2010,22,327,746.68,"Metal Folding Chairs, Beige, 4/Carton",Chairs & Chairmats,Furniture,0.0,33.94,0.58,433.0743999999999,FU_48,3.394,2,5,DS-13180,David Smith,Home Office,david_smith@example.com,"Detroit, Michigan",Central,3
6/27/2010,31,328,240.15389999999996,"80 Minute Slim Jewel Case CD-R , 10/Pack - Staples",Computer Peripherals,Technology,0.07,8.33,0.52,116.20349999999998,TE_47,1.2495,2,2,DS-13180,David Smith,Home Office,david_smith@example.com,"Detroit, Michigan",Central,3
10/29/2012,36,329,655.6031999999999,Computer Printout Paper with Letter-Trim Perforations,Paper,Office Supplies,0.04,18.97,0.37,225.36359999999996,OF_25,0.9485,2,5,VD-21670,Valerie Dominguez,Small Business,valerie_dominguez@example.com,"Columbia, Tennessee",South,1
1/16/2010,30,330,4484.106,Bush Mission Pointe Library,Bookcases,Furniture,0.01,150.98,0.65,2898.816,FU_49,15.097999999999999,2,5,VD-21670,Valerie Dominguez,Corporate,valerie_dominguez@example.com,"Columbia, Tennessee",South,1
6/29/2012,6,331,811.0655999999999,Hon Olson Stacker Stools,Chairs & Chairmats,Furniture,0.04,140.81,0.57,447.7757999999999,FU_46,14.081000000000001,2,1,EA-14035,Erin Ashbrook,Home Office,erin_ashbrook@example.com,"Charlotte, North Carolina",South,1
8/8/2011,12,332,252.15360000000004,Xerox 1929,Paper,Office Supplies,0.08,22.84,0.39,84.96480000000005,OF_113,1.1420000000000001,2,5,CS-12400,Christopher Schild,Home Office,christopher_schild@example.com,"Tampa, Florida",South,1
8/8/2011,20,333,632.632,Home/Office Personal File Carts,Storage & Organization,Office Supplies,0.09,34.76,0.6,354.55199999999996,OF_114,1.738,1,3,CS-12400,Christopher Schild,Home Office,christopher_schild@example.com,"Tampa, Florida",South,1
2/21/2010,11,334,30.095999999999997,Avery 507,Labels,Office Supplies,0.05,2.88,0.39,10.771199999999997,OF_115,0.144,1,4,CS-12400,Christopher Schild,Corporate,christopher_schild@example.com,"Tampa, Florida",South,1
6/20/2011,26,335,5355.74,i470,Telephones and Communication,Technology,0.0,205.99,0.56,2999.2144,TE_48,30.8985,2,2,CS-12400,Christopher Schild,Corporate,christopher_schild@example.com,"Tampa, Florida",South,1
9/4/2009,8,336,39.74400000000001,3M Organizer Strips,Binders and Binder Accessories,Office Supplies,0.08,5.4,0.37,12.528000000000006,OF_116,0.27,2,3,CS-12400,Christopher Schild,Corporate,christopher_schild@example.com,"Tampa, Florida",South,1
9/4/2009,10,337,76.986,"Imation 3.5 IBM Diskettes, 10/Box",Computer Peripherals,Technology,0.09,8.46,0.79,59.220000000000006,TE_49,1.2690000000000001,1,3,DB-13120,David Bremer,Corporate,david_bremer@example.com,"Santa Clara, California",West,2
9/4/2009,22,338,260.35240000000005,"GE 4 Foot Flourescent Tube, 40 Watt",Office Furnishings,Furniture,0.21,14.98,0.39,59.32080000000005,FU_50,1.4980000000000002,3,3,KL-16645,Ken Lonsdale,Corporate,ken_lonsdale@example.com,"Chicago, Illinois",Central,3
9/4/2009,48,339,7188.019200000001,300 Series Non-Flip,Telephones and Communication,Technology,0.04,155.99,0.6,4193.011200000001,TE_50,23.398500000000002,1,1,KL-16645,Ken Lonsdale,Corporate,ken_lonsdale@example.com,"Chicago, Illinois",Central,3
6/21/2009,1,340,24.8724,"Executive Impressions 13"" Chairman Wall Clock",Office Furnishings,Furniture,0.02,25.38,0.5,12.1824,FU_51,2.5380000000000003,4,2,KL-16645,Ken Lonsdale,Home Office,ken_lonsdale@example.com,"Chicago, Illinois",Central,3
2/8/2012,48,341,521.2944,Micro Innovations 104 Keyboard,Computer Peripherals,Technology,0.01,10.97,0.64,331.7328,TE_51,1.6455,2,4,KL-16645,Ken Lonsdale,Consumer,ken_lonsdale@example.com,"Chicago, Illinois",Central,3
3/11/2009,11,342,1033.8965999999998,US Robotics 56K V.92 External Faxmodem,Computer Peripherals,Technology,0.06,99.99,0.52,505.94939999999986,TE_52,14.998499999999998,2,5,KL-16645,Ken Lonsdale,Home Office,ken_lonsdale@example.com,"Chicago, Illinois",Central,3
3/11/2009,18,343,3477.06,Fellowes Staxonsteel® Drawer Files,Storage & Organization,Office Supplies,0.0,193.17,0.71,2468.7126,OF_117,9.6585,1,3,KL-16645,Ken Lonsdale,Home Office,ken_lonsdale@example.com,"Chicago, Illinois",Central,3
3/11/2009,44,344,849.6752,Accessory39,Telephones and Communication,Technology,0.08,20.99,0.81,674.1988000000001,TE_39,3.1485,2,2,KL-16645,Ken Lonsdale,Home Office,ken_lonsdale@example.com,"Chicago, Illinois",Central,3
6/4/2011,3,345,58.7706,Telescoping Adjustable Floor Lamp,Office Furnishings,Furniture,0.02,19.99,0.6,34.7826,FU_52,1.9989999999999999,2,2,DW-13480,Dianna Wilson,Small Business,dianna_wilson@example.com,"Lakeville, Minnesota",Central,3
3/2/2012,37,346,5586.259999999999,Canon MP41DH Printing Calculator,Office Machines,Technology,0.0,150.98,0.38,2122.7787999999996,TE_53,22.647,2,1,DW-13480,Dianna Wilson,Corporate,dianna_wilson@example.com,"Lakeville, Minnesota",Central,3
8/12/2011,48,347,17272.8288,"Sauder Facets Collection Locker/File Cabinet, Sky Alder Finish",Storage & Organization,Office Supplies,0.03,370.98,0.65,11040.3648,OF_118,18.549000000000003,1,4,DW-13480,Dianna Wilson,Corporate,dianna_wilson@example.com,"Lakeville, Minnesota",Central,3
8/12/2011,16,348,2879.84,VTech VT20-2481 2.4GHz Two-Line Phone System w/Answering Machine,Telephones and Communication,Technology,0.0,179.99,0.57,1641.5087999999998,TE_54,26.9985,2,4,DW-13480,Dianna Wilson,Corporate,dianna_wilson@example.com,"Lakeville, Minnesota",Central,3
9/1/2009,32,349,194.11200000000002,"Memo Book, 100 Message Capacity, 5 3/8 x 11",Paper,Office Supplies,0.1,6.74,0.35,53.920000000000016,OF_119,0.337,1,4,DW-13480,Dianna Wilson,Consumer,dianna_wilson@example.com,"Lakeville, Minnesota",Central,3
1/26/2010,32,350,313.632,Belkin 6 Outlet Metallic Surge Strip,Appliances,Office Supplies,0.1,10.89,0.59,170.75519999999997,OF_120,0.5445000000000001,1,4,LH-17155,Logan Haushalter,Small Business,logan_haushalter@example.com,"San Francisco, California",West,2
1/26/2010,19,351,121.8888,Xerox 21,Paper,Office Supplies,0.01,6.48,0.37,44.323199999999986,OF_121,0.32400000000000007,2,5,KC-16540,Kelly Collister,Small Business,kelly_collister@example.com,"San Diego, California",West,2
9/2/2011,1,352,219.50039999999998,GBC DocuBind TL200 Manual Binding Machine,Binders and Binder Accessories,Office Supplies,0.02,223.98,0.38,80.6328,OF_122,11.199,1,4,KC-16540,Kelly Collister,Corporate,kelly_collister@example.com,"San Diego, California",West,2
9/2/2011,34,353,4457.787599999999,"Sauder Forest Hills Library, Woodland Oak Finish",Bookcases,Furniture,0.07,140.98,0.77,3355.3239999999987,FU_53,14.097999999999999,2,5,DL-13315,Delfina Latchford,Corporate,delfina_latchford@example.com,"New York City, New York",East,4
2/7/2012,1,354,50.013600000000004,Xerox 1940,Paper,Office Supplies,0.09,54.96,0.36,14.839200000000005,OF_123,2.748,2,3,DL-13315,Delfina Latchford,Corporate,delfina_latchford@example.com,"New York City, New York",East,4
2/7/2012,47,355,55.0746,Bagged Rubber Bands,Rubber Bands,Office Supplies,0.07,1.26,0.81,43.8228,OF_124,0.063,2,5,DR-12880,Dan Reichenbach,Corporate,dan_reichenbach@example.com,"Chicago, Illinois",Central,3
3/19/2011,31,356,140.4858,Xerox 1897,Paper,Office Supplies,0.09,4.98,0.36,41.68260000000001,OF_125,0.24900000000000003,2,3,DR-12880,Dan Reichenbach,Corporate,dan_reichenbach@example.com,"Chicago, Illinois",Central,3
5/8/2011,19,357,349.98569999999995,Poly Designer Cover & Back,Binders and Binder Accessories,Office Supplies,0.03,18.99,0.37,122.67539999999997,OF_126,0.9495,1,4,DR-12880,Dan Reichenbach,Home Office,dan_reichenbach@example.com,"Chicago, Illinois",Central,3
9/25/2009,37,358,1596.1356,Bionaire Personal Warm Mist Humidifier/Vaporizer,Appliances,Office Supplies,0.08,46.89,0.46,659.2733999999999,OF_127,2.3445,2,4,DR-12880,Dan Reichenbach,Corporate,dan_reichenbach@example.com,"Chicago, Illinois",Central,3
9/25/2009,40,359,493.24,"Acme® 8"" Straight Scissors","Scissors, Rulers and Trimmers",Office Supplies,0.05,12.98,0.6,285.56,OF_128,0.649,1,5,CC-12670,Craig Carreira,Corporate,craig_carreira@example.com,"New York City, New York",East,4
7/9/2012,2,360,20.729,Heavy-Duty E-Z-D® Binders,Binders and Binder Accessories,Office Supplies,0.05,10.91,0.38,7.2006,OF_129,0.5455,2,4,CC-12670,Craig Carreira,Corporate,craig_carreira@example.com,"New York City, New York",East,4
1/14/2010,31,361,152.8362,Hammermill CopyPlus Copy Paper (20Lb. and 84 Bright),Paper,Office Supplies,0.01,4.98,0.36,54.03299999999999,OF_39,0.24900000000000003,2,3,CC-12670,Craig Carreira,Corporate,craig_carreira@example.com,"New York City, New York",East,4
8/26/2009,2,362,765.2192,Deluxe Rollaway Locking File with Drawer,Storage & Organization,Office Supplies,0.08,415.88,0.57,407.56239999999997,OF_130,20.794,1,3,Dl-13600,Dorris liebe,Corporate,dorris_liebe@example.com,"Pasadena, Texas",Central,3
10/8/2009,15,363,890.865,252,Telephones and Communication,Technology,0.1,65.99,0.55,445.43250000000006,TE_55,9.898499999999999,2,3,SB-20290,Sean Braxton,Consumer,sean_braxton@example.com,"Houston, Texas",Central,3
11/10/2011,35,364,3856.6674999999996,6160,Telephones and Communication,Technology,0.05,115.99,0.57,2111.0179999999996,TE_10,17.3985,3,2,SB-20290,Sean Braxton,Corporate,sean_braxton@example.com,"Houston, Texas",Central,3
4/15/2012,10,365,46.184,"Imation 3.5, DISKETTE 44766 HGHLD3.52HD/FM, 10/Pack",Computer Peripherals,Technology,0.08,5.02,0.79,35.641999999999996,TE_56,0.7529999999999999,3,5,RC-19825,Roy Collins,Small Business,roy_collins@example.com,"Chicago, Illinois",Central,3
1/2/2012,10,366,188.48,Prismacolor Color Pencil Set,Pens & Art Supplies,Office Supplies,0.05,19.84,0.44,77.37599999999999,OF_58,0.992,2,4,AH-10210,Alan Hwang,Corporate,alan_hwang@example.com,"Brentwood, California",West,2
3/8/2011,40,367,267.3,Wilson Jones DublLock® D-Ring Binders,Binders and Binder Accessories,Office Supplies,0.01,6.75,0.35,91.80000000000001,OF_131,0.3375,2,4,CB-12535,Claudia Bergmann,Small Business,claudia_bergmann@example.com,"Chapel Hill, North Carolina",South,1
7/2/2009,50,368,258.3,Binder Posts,Binders and Binder Accessories,Office Supplies,0.1,5.74,0.39,83.23000000000002,OF_132,0.28700000000000003,2,4,PG-18895,Paul Gonzalez,Consumer,paul_gonzalez@example.com,"Morristown, New Jersey",East,4
7/2/2009,49,369,12082.552300000003,Epson LQ-570e Dot Matrix Printer,Office Machines,Technology,0.09,270.97,0.56,6240.439100000003,TE_57,40.645500000000006,3,4,CA-12310,Christine Abelman,Consumer,christine_abelman@example.com,"Cincinnati, Ohio",East,4
4/15/2011,22,370,5684.1444,"Atlantic Metals Mobile 3-Shelf Bookcases, Custom Colors",Bookcases,Furniture,0.01,260.98,0.59,3330.1047999999996,FU_54,26.098000000000003,3,4,CA-12310,Christine Abelman,Home Office,christine_abelman@example.com,"Cincinnati, Ohio",East,4
11/25/2011,49,371,18060.9345,Fellowes PB300 Plastic Comb Binding Machine,Binders and Binder Accessories,Office Supplies,0.05,387.99,0.38,6273.7983,OF_133,19.399500000000003,2,5,KH-16690,Kristen Hastings,Small Business,kristen_hastings@example.com,"San Francisco, California",West,2
11/25/2011,48,372,7727.039999999999,Rush Hierlooms Collection Rich Wood Bookcases,Bookcases,Furniture,0.0,160.98,0.72,5563.468799999999,FU_55,16.098,3,4,HA-14920,Helen Andreada,Small Business,helen_andreada@example.com,"San Francisco, California",West,2
4/25/2012,11,373,32.8636,Avery 481,Labels,Office Supplies,0.03,3.08,0.37,11.519199999999998,OF_134,0.15400000000000003,2,4,HA-14920,Helen Andreada,Small Business,helen_andreada@example.com,"San Francisco, California",West,2
3/26/2011,35,374,16099.678000000002,Sharp AL-1530CS Digital Copier,Copiers and Fax,Technology,0.08,499.99,0.36,4899.902000000002,TE_21,74.99849999999999,3,5,HA-14920,Helen Andreada,Corporate,helen_andreada@example.com,"San Francisco, California",West,2
3/26/2011,44,375,5774.251999999999,"SAFCO Commercial Wire Shelving, Black",Storage & Organization,Office Supplies,0.05,138.14,,,OF_07,6.907,2,5,BB-10990,Barry Blumstein,Corporate,barry_blumstein@example.com,"Inglewood, California",West,2
7/14/2010,17,376,691.5905999999999,"Avery Trapezoid Extra Heavy Duty 4"" Binders",Binders and Binder Accessories,Office Supplies,0.03,41.94,0.35,228.15359999999987,OF_135,2.097,2,4,BB-10990,Barry Blumstein,Corporate,barry_blumstein@example.com,"Inglewood, California",West,2
7/14/2010,45,377,325.66049999999996,Self-Adhesive Address Labels for Typewriters by Universal,Labels,Office Supplies,0.01,7.31,0.38,121.71149999999997,OF_21,0.3655,1,4,AG-10495,Andrew Gjertsen,Corporate,andrew_gjertsen@example.com,"Philadelphia, Pennsylvania",East,4
10/23/2010,36,378,2233.1016,StarTAC Series,Telephones and Communication,Technology,0.06,65.99,0.55,1164.0636000000002,TE_58,9.898499999999999,3,3,AG-10495,Andrew Gjertsen,Small Business,andrew_gjertsen@example.com,"Philadelphia, Pennsylvania",East,4
8/24/2009,27,379,200.09159999999997,"Rediform Wirebound ""Phone Memo"" Message Book, 11 x 5-3/4",Paper,Office Supplies,0.03,7.64,0.36,68.07239999999999,OF_136,0.382,1,5,AG-10495,Andrew Gjertsen,Corporate,andrew_gjertsen@example.com,"Philadelphia, Pennsylvania",East,4
6/9/2011,6,380,231.07079999999996,Dana Halogen Swing-Arm Architect Lamp,Office Furnishings,Furniture,0.06,40.97,0.57,125.36819999999996,FU_43,4.097,2,4,AG-10495,Andrew Gjertsen,Home Office,andrew_gjertsen@example.com,"Philadelphia, Pennsylvania",East,4
11/23/2012,21,381,6280.05,Global Comet Stacking Armless Chair,Chairs & Chairmats,Furniture,0.0,299.05,0.57,3579.6285,FU_56,29.905,4,5,SC-20725,Steven Cartwright,Corporate,steven_cartwright@example.com,"Houston, Texas",Central,3
11/23/2012,3,382,787.671,Hon 4070 Series Pagoda Armless Upholstered Stacking Chairs,Chairs & Chairmats,Furniture,0.1,291.73,0.56,402.58740000000006,FU_57,29.173000000000002,2,2,SC-20725,Steven Cartwright,Corporate,steven_cartwright@example.com,"Houston, Texas",Central,3
11/23/2012,5,383,147.537,"Fellowes Internet Keyboard, Platinum",Computer Peripherals,Technology,0.03,30.42,0.74,107.991,TE_59,4.563,2,5,JO-15280,Jas O'Carroll,Corporate,jas_o'carroll@example.com,"Los Angeles, California",West,2
5/1/2009,2,384,773.5368,Deluxe Rollaway Locking File with Drawer,Storage & Organization,Office Supplies,0.07,415.88,0.57,415.87999999999994,OF_130,20.794,1,4,TB-21520,Tracy Blumstein,Corporate,tracy_blumstein@example.com,"Portland, Oregon",West,2
5/11/2012,4,385,76.56960000000001,Luxo Economy Swing Arm Lamp,Office Furnishings,Furniture,0.04,19.94,0.57,42.272800000000004,FU_58,1.9940000000000002,4,5,TB-21520,Tracy Blumstein,Corporate,tracy_blumstein@example.com,"Portland, Oregon",West,2
5/11/2012,31,386,103.81280000000001,"*Staples* vLetter Openers, 2/Pack","Scissors, Rulers and Trimmers",Office Supplies,0.09,3.68,0.83,84.4192,OF_85,0.18400000000000002,1,4,TB-21520,Tracy Blumstein,Corporate,tracy_blumstein@example.com,"Portland, Oregon",West,2
10/15/2010,26,387,298.7712,Staples 6 Outlet Surge,Appliances,Office Supplies,0.04,11.97,0.58,168.0588,OF_94,0.5985,2,1,AH-10195,Alan Haines,Small Business,alan_haines@example.com,"Tamarac, Florida",South,1
10/15/2010,34,388,920.1555999999999,Acco Perma® 2700 Stacking Storage Drawers,Storage & Organization,Office Supplies,0.09,29.74,0.7,616.8075999999999,OF_137,1.487,2,4,AH-10195,Alan Haines,Small Business,alan_haines@example.com,"Tamarac, Florida",South,1
10/15/2010,23,389,2129.0433000000003,Fellowes Stor/Drawer® Steel Plus Storage Drawers,Storage & Organization,Office Supplies,0.03,95.43,0.79,1668.1164000000003,OF_138,4.7715000000000005,1,4,AH-10195,Alan Haines,Small Business,alan_haines@example.com,"Tamarac, Florida",South,1
7/23/2011,12,390,3463.4879999999994,Honeywell Enviracaire Portable HEPA Air Cleaner for 17' x 22' Room,Appliances,Office Supplies,0.04,300.65,0.52,1731.7439999999997,OF_139,15.032499999999999,1,2,NZ-18565,Nick Zandusky,Home Office,nick_zandusky@example.com,"Columbus, Ohio",East,4
7/23/2011,42,391,1746.1416,"Verbatim DVD-RAM, 9.4GB, Rewritable, Type 1, DS, DataLife Plus",Computer Peripherals,Technology,0.08,45.19,0.55,892.0506,TE_60,6.778499999999999,2,5,NZ-18565,Nick Zandusky,Home Office,nick_zandusky@example.com,"Columbus, Ohio",East,4
7/11/2011,14,392,391.4316,Lock-Up Easel 'Spel-Binder',Binders and Binder Accessories,Office Supplies,0.02,28.53,0.38,143.7912,OF_140,1.4265,1,3,NZ-18565,Nick Zandusky,Corporate,nick_zandusky@example.com,"Columbus, Ohio",East,4
9/16/2012,15,393,83.496,"Adams Write n' Stick Phone Message Book, 11"" X 5 1/4"", 200 Messages",Paper,Office Supplies,0.02,5.68,0.39,31.523999999999994,OF_141,0.284,1,3,NZ-18565,Nick Zandusky,Corporate,nick_zandusky@example.com,"Columbus, Ohio",East,4
9/16/2012,28,394,416.9088,"Tenex File Box, Personal Filing Tote with Lid, Black",Storage & Organization,Office Supplies,0.04,15.51,0.59,238.85399999999996,OF_142,0.7755000000000001,1,5,KL-16555,Kelly Lampkin,Corporate,kelly_lampkin@example.com,"Colorado Springs, Colorado",West,2
1/16/2009,46,395,240.534,Fellowes Black Plastic Comb Bindings,Binders and Binder Accessories,Office Supplies,0.1,5.81,0.39,77.50540000000001,OF_65,0.2905,2,3,KL-16555,Kelly Lampkin,Corporate,kelly_lampkin@example.com,"Colorado Springs, Colorado",West,2
1/16/2009,41,396,71.9837,Assorted Color Push Pins,Rubber Bands,Office Supplies,0.03,1.81,0.52,36.362899999999996,OF_143,0.09050000000000001,1,4,KL-16555,Kelly Lampkin,Corporate,kelly_lampkin@example.com,"Colorado Springs, Colorado",West,2
10/20/2010,4,397,24.048,HP Office Paper (20Lb. and 87 Bright),Paper,Office Supplies,0.1,6.68,0.37,7.214399999999998,OF_144,0.334,2,5,KL-16555,Kelly Lampkin,Small Business,kelly_lampkin@example.com,"Colorado Springs, Colorado",West,2
10/20/2010,27,398,103.9878,Staples Vinyl Coated Paper Clips,Rubber Bands,Office Supplies,0.02,3.93,0.39,39.2607,OF_145,0.1965,1,5,KL-16555,Kelly Lampkin,Small Business,kelly_lampkin@example.com,"Colorado Springs, Colorado",West,2
8/30/2010,8,399,1183.6832,Canon MP41DH Printing Calculator,Office Machines,Technology,0.02,150.98,0.38,434.8224,TE_53,22.647,3,1,JD-15895,Jonathan Doherty,Corporate,jonathan_doherty@example.com,"Belleville, New Jersey",East,4
8/30/2010,15,400,26.4,Newell 310,Pens & Art Supplies,Office Supplies,0.0,1.76,0.56,14.784,OF_146,0.08800000000000001,1,3,JD-15895,Jonathan Doherty,Corporate,jonathan_doherty@example.com,"Belleville, New Jersey",East,4
5/7/2010,19,401,3347.8037999999997,Kensington 7 Outlet MasterPiece Power Center,Appliances,Office Supplies,0.01,177.98,0.56,1859.891,OF_147,8.899,2,3,JD-15895,Jonathan Doherty,Corporate,jonathan_doherty@example.com,"Belleville, New Jersey",East,4
6/21/2011,8,402,158.68159999999997,"DAX Metal Frame, Desktop, Stepped-Edge",Office Furnishings,Furniture,0.02,20.24,0.46,71.24479999999997,FU_59,2.024,3,5,JD-15895,Jonathan Doherty,Home Office,jonathan_doherty@example.com,"Belleville, New Jersey",East,4
11/24/2010,41,403,5694.9656,Bush Mission Pointe Library,Bookcases,Furniture,0.08,150.98,0.65,3528.402600000001,FU_49,15.097999999999999,3,4,JD-15895,Jonathan Doherty,Corporate,jonathan_doherty@example.com,"Belleville, New Jersey",East,4
4/27/2012,3,404,62.34029999999999,Accessory21,Telephones and Communication,Technology,0.01,20.99,0.37,22.669199999999996,TE_33,3.1485,3,2,JH-15910,Jonathan Howell,Corporate,jonathan_howell@example.com,"Chicago, Illinois",Central,3
8/28/2012,24,405,1567.9223999999997,8860,Telephones and Communication,Technology,0.01,65.99,0.56,871.0679999999998,TE_61,9.898499999999999,2,2,AS-10225,Alan Schoenberger,Corporate,alan_schoenberger@example.com,"New York City, New York",East,4
7/31/2011,20,406,97.38399999999999,Array® Memo Cubes,Paper,Office Supplies,0.06,5.18,0.36,31.079999999999984,OF_148,0.259,2,3,KB-16600,Ken Brennan,Corporate,ken_brennan@example.com,"Taylor, Michigan",Central,3
7/31/2011,19,407,314.45759999999996,"Fiskars 8"" Scissors, 2/Pack","Scissors, Rulers and Trimmers",Office Supplies,0.04,17.24,0.56,170.3312,OF_149,0.862,2,4,CR-12625,Corey Roper,Corporate,corey_roper@example.com,"Lakewood, New Jersey",East,4
10/6/2012,11,408,26.026,12 Colored Short Pencils,Pens & Art Supplies,Office Supplies,0.09,2.6,0.58,14.014,OF_150,0.13,2,4,CR-12625,Corey Roper,Corporate,corey_roper@example.com,"Lakewood, New Jersey",East,4
10/6/2012,8,409,111.3768,Pizazz® Global Quick File,Storage & Organization,Office Supplies,0.07,14.97,0.57,59.879999999999995,OF_151,0.7485,1,5,SH-20395,Shahid Hopkins,Corporate,shahid_hopkins@example.com,"Arlington, Virginia",South,1
2/6/2010,4,410,224.4064,Imation 5.2GB DVD-RAM,Computer Peripherals,Technology,0.08,60.98,0.5,102.4464,TE_62,9.146999999999998,1,3,BP-11185,Ben Peterman,Corporate,ben_peterman@example.com,"Arvada, Colorado",West,2
2/6/2010,25,411,743.5,Acco Perma® 2700 Stacking Storage Drawers,Storage & Organization,Office Supplies,0.0,29.74,0.7,520.45,OF_137,1.487,1,3,BP-11185,Ben Peterman,Corporate,ben_peterman@example.com,"Arvada, Colorado",West,2
2/6/2010,4,412,44.93280000000001,Portable Personal File Box,Storage & Organization,Office Supplies,0.08,12.21,0.58,24.420000000000005,OF_152,0.6105,1,4,BP-11185,Ben Peterman,Corporate,ben_peterman@example.com,"Arvada, Colorado",West,2
10/17/2011,13,413,359.879,"Snap-A-Way® Black Print Carbonless Speed Message, No Reply Area, Duplicate",Paper,Office Supplies,0.05,29.14,0.38,125.01060000000001,OF_153,1.457,2,5,BP-11185,Ben Peterman,Corporate,ben_peterman@example.com,"Arvada, Colorado",West,2
8/20/2009,31,414,342.23999999999995,Ibico Covers for Plastic or Wire Binding Elements,Binders and Binder Accessories,Office Supplies,0.04,11.5,0.4,128.33999999999997,OF_154,0.5750000000000001,1,3,TS-21205,Thomas Seio,Home Office,thomas_seio@example.com,"Hackensack, New Jersey",East,4
8/20/2009,3,415,46.158,Hanging Personal Folder File,Storage & Organization,Office Supplies,0.02,15.7,0.6,27.318,OF_64,0.785,2,5,AG-10525,Andy Gerbode,Home Office,andy_gerbode@example.com,"Saint Petersburg, Florida",South,1
8/20/2009,47,416,10047.143,Tennsco Double-Tier Lockers,Storage & Organization,Office Supplies,0.05,225.02,0.72,7085.8798,OF_155,11.251000000000001,2,5,AG-10525,Andy Gerbode,Home Office,andy_gerbode@example.com,"Saint Petersburg, Florida",South,1
6/14/2010,14,417,129.78,"Wirebound Message Books, Four 2 3/4"" x 5"" Forms per Page, 600 Sets per Book",Paper,Office Supplies,0.0,9.27,0.38,49.3164,OF_156,0.4635,2,4,SP-20860,Sung Pak,Corporate,sung_pak@example.com,"Philadelphia, Pennsylvania",East,4
6/14/2010,5,418,33.516,"Acme Design Line 8"" Stainless Steel Bent Scissors w/Champagne Handles, 3-1/8"" Cut","Scissors, Rulers and Trimmers",Office Supplies,0.02,6.84,0.58,19.151999999999997,OF_157,0.342,2,4,NM-18445,Nathan Mautz,Corporate,nathan_mautz@example.com,"New York City, New York",East,4
6/14/2010,48,419,217.52640000000002,"Imation 3.5"", DISKETTE 44766 HGHLD3.52HD/FM, 10/Pack",Computer Peripherals,Technology,0.09,4.98,0.64,131.472,TE_63,0.747,2,5,NM-18445,Nathan Mautz,Corporate,nathan_mautz@example.com,"New York City, New York",East,4
6/14/2010,13,420,411.59039999999993,PC Concepts 116 Key Quantum 3000 Keyboard,Computer Peripherals,Technology,0.04,32.98,0.75,304.40539999999993,TE_64,4.946999999999999,3,5,NM-18445,Nathan Mautz,Corporate,nathan_mautz@example.com,"New York City, New York",East,4
2/27/2010,31,421,14598.2658,Epson Stylus 1520 Color Inkjet Printer,Office Machines,Technology,0.06,500.97,0.37,4814.321699999999,TE_65,75.1455,1,1,NM-18445,Nathan Mautz,Home Office,nathan_mautz@example.com,"New York City, New York",East,4
8/15/2009,13,422,33.2514,Avery 494,Labels,Office Supplies,0.02,2.61,0.39,12.554099999999998,OF_158,0.1305,2,4,NM-18445,Nathan Mautz,Corporate,nathan_mautz@example.com,"New York City, New York",East,4
8/15/2009,26,423,171.054,Self-Adhesive Address Labels for Typewriters by Universal,Labels,Office Supplies,0.1,7.31,0.38,53.216800000000006,OF_21,0.3655,1,4,FA-14230,Frank Atkinson,Corporate,frank_atkinson@example.com,"Long Beach, California",West,2
8/15/2009,50,424,944.55,Accessory37,Telephones and Communication,Technology,0.1,20.99,0.81,745.145,TE_08,3.1485,1,2,GK-14620,Grace Kelly,Corporate,grace_kelly@example.com,"Hesperia, California",West,2
5/14/2011,6,425,31.3992,Wilson Jones 14 Line Acrylic Coated Pressboard Data Binders,Binders and Binder Accessories,Office Supplies,0.02,5.34,0.38,11.534400000000002,OF_159,0.267,2,3,GK-14620,Grace Kelly,Home Office,grace_kelly@example.com,"Hesperia, California",West,2
10/7/2010,49,426,192.97179999999997,Eureka Disposable Bags for Sanitaire® Vibra Groomer I® Upright Vac,Appliances,Office Supplies,0.03,4.06,0.6,113.39579999999998,OF_160,0.20299999999999999,2,4,DJ-13510,Don Jones,Home Office,don_jones@example.com,"Murfreesboro, Tennessee",South,1
10/7/2010,18,427,1745.8253999999997,AT&T 2230 Dual Handset Phone With Caller ID/Call Waiting,Office Machines,Technology,0.03,99.99,0.52,881.9117999999997,TE_66,14.998499999999998,3,4,PO-18850,Patrick O'Brill,Home Office,patrick_o'brill@example.com,"Philadelphia, Pennsylvania",East,4
10/7/2010,27,428,309.5334,"Peel & Seel® Recycled Catalog Envelopes, Brown",Envelopes,Office Supplies,0.01,11.58,0.35,106.30439999999996,OF_106,0.5790000000000001,1,4,PO-18850,Patrick O'Brill,Home Office,patrick_o'brill@example.com,"Philadelphia, Pennsylvania",East,4
10/23/2009,5,429,15.792,Cardinal Poly Pocket Divider Pockets for Ring Binders,Binders and Binder Accessories,Office Supplies,0.06,3.36,0.4,5.712,OF_161,0.168,2,3,PO-18850,Patrick O'Brill,Corporate,patrick_o'brill@example.com,"Philadelphia, Pennsylvania",East,4
10/23/2009,19,430,12368.823299999998,Canon PC1060 Personal Laser Copier,Copiers and Fax,Technology,0.07,699.99,0.41,4521.935399999997,TE_67,104.99849999999999,3,1,PO-18850,Patrick O'Brill,Corporate,patrick_o'brill@example.com,"Philadelphia, Pennsylvania",East,4
6/9/2010,31,431,146.01,Sterling Rubber Bands by Alliance,Rubber Bands,Office Supplies,0.0,4.71,0.85,124.10849999999999,OF_162,0.23550000000000001,2,5,PO-18850,Patrick O'Brill,Home Office,patrick_o'brill@example.com,"Philadelphia, Pennsylvania",East,4
1/10/2011,39,432,211.81679999999997,Newell 312,Pens & Art Supplies,Office Supplies,0.07,5.84,0.55,109.32479999999998,OF_163,0.292,2,4,JL-15850,John Lucas,Corporate,john_lucas@example.com,"Philadelphia, Pennsylvania",East,4
1/10/2011,28,433,5696.25,BoxOffice By Design Rectangular and Half-Moon Meeting Room Tables,Tables,Furniture,0.07,218.75,0.77,4287.5,FU_36,21.875,4,5,JL-15850,John Lucas,Corporate,john_lucas@example.com,"Philadelphia, Pennsylvania",East,4
1/30/2009,23,434,338.1368,"Imation 3.5"" DS/HD IBM Formatted Diskettes, 50/Pack",Computer Peripherals,Technology,0.08,15.98,0.64,205.8224,TE_68,2.397,2,2,JL-15850,John Lucas,Corporate,john_lucas@example.com,"Philadelphia, Pennsylvania",East,4
3/28/2011,45,435,956.745,"Avery Flip-Chart Easel Binder, Black",Binders and Binder Accessories,Office Supplies,0.05,22.38,0.38,332.3430000000001,OF_164,1.119,2,5,DB-13615,Doug Bickford,Home Office,doug_bickford@example.com,"Los Angeles, California",West,2
3/28/2011,47,436,553.8715,GBC Binding covers,Binders and Binder Accessories,Office Supplies,0.09,12.95,0.4,188.68149999999997,OF_96,0.6475,2,5,DB-13615,Doug Bickford,Home Office,doug_bickford@example.com,"Los Angeles, California",West,2
11/22/2010,6,437,926.5806,R280,Telephones and Communication,Technology,0.01,155.99,0.55,505.4076,TE_69,23.398500000000002,2,4,DB-13615,Doug Bickford,Corporate,doug_bickford@example.com,"Los Angeles, California",West,2
5/30/2011,33,438,1163.9166,Accessory9,Telephones and Communication,Technology,0.02,35.99,0.39,439.4379,TE_70,5.3985,1,4,AC-10420,Alyssa Crouse,Consumer,alyssa_crouse@example.com,"San Francisco, California",West,2
5/13/2012,24,439,2255.7744,U.S. Robotics 56K Internet Call Modem,Computer Peripherals,Technology,0.06,99.99,0.5,1055.8944,TE_43,14.998499999999998,2,1,AC-10420,Alyssa Crouse,Corporate,alyssa_crouse@example.com,"San Francisco, California",West,2
6/8/2010,24,440,1126.8863999999999,Tennsco Industrial Shelving,Storage & Organization,Office Supplies,0.04,48.91,0.83,927.3335999999998,OF_165,2.4455,1,4,KL-16645,Ken Lonsdale,Small Business,ken_lonsdale@example.com,"Layton, Utah",West,2
11/29/2009,47,441,174.1068,Staples Bulldog Clip,Rubber Bands,Office Supplies,0.02,3.78,0.39,65.73420000000002,OF_166,0.189,2,5,JD-15895,Jonathan Doherty,Home Office,jonathan_doherty@example.com,"Philadelphia, Pennsylvania",East,4
9/1/2012,46,442,1101.3366,"Micro Innovations Micro 3000 Keyboard, Black",Computer Peripherals,Technology,0.09,26.31,0.75,798.7716,TE_71,3.9464999999999995,3,4,JD-15895,Jonathan Doherty,Small Business,jonathan_doherty@example.com,"Philadelphia, Pennsylvania",East,4
2/26/2010,3,443,62.221500000000006,"Fellowes Basic 104-Key Keyboard, Platinum",Computer Peripherals,Technology,0.01,20.95,0.65,40.224000000000004,TE_22,3.1424999999999996,3,3,JD-15895,Jonathan Doherty,Small Business,jonathan_doherty@example.com,"Philadelphia, Pennsylvania",East,4
2/26/2010,10,444,515.016,Xerox 1882,Paper,Office Supplies,0.08,55.98,0.36,156.74399999999997,OF_167,2.799,2,3,JD-15895,Jonathan Doherty,Small Business,jonathan_doherty@example.com,"Philadelphia, Pennsylvania",East,4
2/26/2010,18,445,1311.8760000000002,Carina Double Wide Media Storage Towers in Natural & Black,Storage & Organization,Office Supplies,0.1,80.98,0.81,1034.9244000000003,OF_46,4.049,1,5,CS-12130,Chad Sievert,Small Business,chad_sievert@example.com,"Austin, Texas",Central,3
5/21/2012,32,446,363.3696,Portable Personal File Box,Storage & Organization,Office Supplies,0.07,12.21,0.58,199.26719999999997,OF_152,0.6105,1,3,CC-12550,Clay Cheatham,Corporate,clay_cheatham@example.com,"San Francisco, California",West,2
11/8/2009,16,447,204.608,"Acme Hot Forged Carbon Steel Scissors with Nickel-Plated Handles, 3 7/8"" Cut, 8""L","Scissors, Rulers and Trimmers",Office Supplies,0.08,13.9,0.56,106.75200000000001,OF_168,0.6950000000000001,1,4,TD-20995,Tamara Dahlen,Corporate,tamara_dahlen@example.com,"Lowell, Massachusetts",East,4
8/27/2010,1,448,51.614999999999995,Eldon Cleatmat® Chair Mats for Medium Pile Carpets,Office Furnishings,Furniture,0.07,55.5,0.72,36.074999999999996,FU_60,5.550000000000001,2,1,TD-20995,Tamara Dahlen,Corporate,tamara_dahlen@example.com,"Lowell, Massachusetts",East,4
8/17/2012,47,449,240.7152,Xerox 4200 Series MultiUse Premium Copy Paper (20Lb. and 84 Bright),Paper,Office Supplies,0.03,5.28,0.4,91.8192,OF_169,0.264,1,5,TD-20995,Tamara Dahlen,Consumer,tamara_dahlen@example.com,"Lowell, Massachusetts",East,4
8/17/2012,20,450,5568.184,Hon 94000 Series Round Tables,Tables,Furniture,0.06,296.18,0.76,4146.52,FU_61,29.618000000000002,4,3,AB-10060,Adam Bellavance,Consumer,adam_bellavance@example.com,"New York City, New York",East,4
11/9/2012,29,451,2514.1898,"Deflect-o RollaMat Studded, Beveled Mat for Medium Pile Carpeting",Office Furnishings,Furniture,0.06,92.23,0.67,1631.5487000000003,FU_09,9.223,3,3,AB-10060,Adam Bellavance,Corporate,adam_bellavance@example.com,"New York City, New York",East,4
11/9/2012,15,452,18492.9045,Fellowes PB500 Electric Punch Plastic Comb Binding Machine with Manual Bind,Binders and Binder Accessories,Office Supplies,0.03,1270.99,0.35,6100.752,OF_93,63.5495,1,5,AB-10060,Adam Bellavance,Corporate,adam_bellavance@example.com,"New York City, New York",East,4
6/2/2011,40,453,4772.012,"Global High-Back Leather Tilter, Burgundy",Chairs & Chairmats,Furniture,0.03,122.99,0.74,3492.9159999999997,FU_62,12.299,3,5,AB-10060,Adam Bellavance,Home Office,adam_bellavance@example.com,"New York City, New York",East,4
8/10/2011,31,454,565.1424,Poly Designer Cover & Back,Binders and Binder Accessories,Office Supplies,0.04,18.99,0.37,194.2677,OF_126,0.9495,1,3,AB-10060,Adam Bellavance,Corporate,adam_bellavance@example.com,"New York City, New York",East,4
8/10/2011,41,455,8047.152000000001,"Lifetime Advantage Folding Chairs, 4/Carton",Chairs & Chairmats,Furniture,0.1,218.08,0.57,4202.4016,FU_17,21.808000000000003,4,2,JL-15505,Jeremy Lonsdale,Corporate,jeremy_lonsdale@example.com,"New York City, New York",East,4
8/10/2011,6,456,110.51039999999999,"DAX Contemporary Wood Frame with Silver Metal Mat, Desktop, 11 x 14 Size",Office Furnishings,Furniture,0.09,20.24,0.49,48.57599999999999,FU_63,2.024,3,5,JL-15505,Jeremy Lonsdale,Corporate,jeremy_lonsdale@example.com,"New York City, New York",East,4
8/10/2011,30,457,65.4,Stockwell Push Pins,Rubber Bands,Office Supplies,0.0,2.18,0.52,34.00800000000001,OF_170,0.10900000000000001,1,4,JL-15505,Jeremy Lonsdale,Corporate,jeremy_lonsdale@example.com,"New York City, New York",East,4
2/27/2009,14,458,65.5368,"Imation 3.5"", DISKETTE 44766 HGHLD3.52HD/FM, 10/Pack",Computer Peripherals,Technology,0.06,4.98,0.64,40.437599999999996,TE_63,0.747,3,4,JL-15505,Jeremy Lonsdale,Corporate,jeremy_lonsdale@example.com,"New York City, New York",East,4
6/7/2010,10,459,646.702,8260,Telephones and Communication,Technology,0.02,65.99,0.58,369.544,TE_72,9.898499999999999,3,2,HK-14890,Heather Kirkland,Home Office,heather_kirkland@example.com,"Charlotte, North Carolina",South,1
2/17/2012,38,460,2507.62,3390,Telephones and Communication,Technology,0.0,65.99,0.57,1429.3433999999997,TE_73,9.898499999999999,2,5,VB-21745,Victoria Brennan,Corporate,victoria_brennan@example.com,"Columbus, Georgia",South,1
2/23/2012,26,461,1272.4607999999998,"Global Deluxe Stacking Chair, Gray",Chairs & Chairmats,Furniture,0.04,50.98,0.56,689.2495999999999,FU_64,5.098,2,1,VB-21745,Victoria Brennan,Corporate,victoria_brennan@example.com,"Columbus, Georgia",South,1
2/23/2012,36,462,4302.3744,Bevis 36 x 72 Conference Tables,Tables,Furniture,0.04,124.49,0.63,2644.1675999999998,FU_65,12.449,4,3,KW-16435,Katrina Willman,Corporate,katrina_willman@example.com,"New York City, New York",East,4
2/23/2012,16,463,325.8528,"Avery Flip-Chart Easel Binder, Black",Binders and Binder Accessories,Office Supplies,0.09,22.38,0.38,103.84320000000002,OF_164,1.119,2,5,KW-16435,Katrina Willman,Corporate,katrina_willman@example.com,"New York City, New York",East,4
10/15/2009,23,464,1323.558,"Howard Miller 16"" Diameter Gallery Wall Clock",Office Furnishings,Furniture,0.1,63.94,0.46,529.4232,FU_66,6.394,3,4,KW-16435,Katrina Willman,Consumer,katrina_willman@example.com,"New York City, New York",East,4
3/13/2009,3,465,11.770499999999998,"ACCOHIDE® 3-Ring Binder, Blue, 1""",Binders and Binder Accessories,Office Supplies,0.05,4.13,0.38,4.0886999999999984,OF_171,0.20650000000000002,2,3,KW-16435,Katrina Willman,Home Office,katrina_willman@example.com,"New York City, New York",East,4
3/12/2010,36,466,4161.9816,"Global High-Back Leather Tilter, Burgundy",Chairs & Chairmats,Furniture,0.06,122.99,0.74,3010.7952,FU_62,12.299,3,1,JD-16060,Julia Dunbar,Consumer,julia_dunbar@example.com,"San Francisco, California",West,2
7/7/2009,25,467,173.95,"Wilson Jones Hanging View Binder, White, 1""",Binders and Binder Accessories,Office Supplies,0.02,7.1,0.39,65.675,OF_172,0.355,1,5,MK-17905,Michael Kennedy,Home Office,michael_kennedy@example.com,"Manchester, Connecticut",East,4
11/21/2012,22,468,465.6564,Boston 1730 StandUp Electric Pencil Sharpener,Pens & Art Supplies,Office Supplies,0.01,21.38,0.59,272.8088,OF_173,1.069,2,3,MK-17905,Michael Kennedy,Home Office,michael_kennedy@example.com,"Manchester, Connecticut",East,4
11/21/2012,10,469,345.504,Accessory31,Telephones and Communication,Technology,0.04,35.99,0.35,111.56899999999999,TE_74,5.3985,3,1,MK-17905,Michael Kennedy,Home Office,michael_kennedy@example.com,"Manchester, Connecticut",East,4
11/21/2012,26,470,2101.5955999999996,Accessory8,Telephones and Communication,Technology,0.06,85.99,0.39,737.7941999999998,TE_75,12.898499999999999,2,2,MK-17905,Michael Kennedy,Home Office,michael_kennedy@example.com,"Manchester, Connecticut",East,4
3/2/2009,29,471,802.053,Fellowes 17-key keypad for PS/2 interface,Computer Peripherals,Technology,0.1,30.73,0.75,579.2605,TE_31,4.6095,2,1,GT-14755,Guy Thornton,Corporate,guy_thornton@example.com,"Harlingen, Texas",Central,3
9/22/2011,7,472,107.702,Hanging Personal Folder File,Storage & Organization,Office Supplies,0.02,15.7,0.6,63.742,OF_64,0.785,2,5,GT-14755,Guy Thornton,Home Office,guy_thornton@example.com,"Harlingen, Texas",Central,3
7/21/2011,1,473,11.5,Ibico Covers for Plastic or Wire Binding Elements,Binders and Binder Accessories,Office Supplies,0.0,11.5,0.4,4.6000000000000005,OF_154,0.5750000000000001,1,3,AG-10900,Arthur Gainer,Corporate,arthur_gainer@example.com,"Tucson, Arizona",West,2
7/13/2009,45,474,195.552,Hoover Portapower Portable Vacuum,Appliances,Office Supplies,0.03,4.48,0.6,114.91199999999998,OF_27,0.22400000000000003,1,5,AG-10900,Arthur Gainer,Small Business,arthur_gainer@example.com,"Tucson, Arizona",West,2
3/29/2010,5,475,312.064,Fellowes Command Center 5-outlet power strip,Appliances,Office Supplies,0.08,67.84,0.58,169.60000000000002,OF_174,3.3920000000000003,2,2,AG-10900,Arthur Gainer,Corporate,arthur_gainer@example.com,"Tucson, Arizona",West,2
3/29/2010,31,476,8219.712,SAFCO Arco Folding Chair,Chairs & Chairmats,Furniture,0.04,276.2,,,FU_12,27.62,2,4,AG-10900,Arthur Gainer,Corporate,arthur_gainer@example.com,"Tucson, Arizona",West,2
2/6/2010,15,477,1199.5604999999998,Accessory12,Telephones and Communication,Technology,0.07,85.99,0.35,361.1579999999999,TE_76,12.898499999999999,3,5,MM-18280,Muhammed MacIntyre,Consumer,muhammed_macintyre@example.com,"Quincy, Illinois",Central,3
9/12/2012,35,478,6893.614,"Global Leather Highback Executive Chair with Pneumatic Height Adjustment, Black",Chairs & Chairmats,Furniture,0.02,200.98,0.58,3939.207999999999,FU_67,20.098,2,3,AR-10405,Allen Rosenblatt,Small Business,allen_rosenblatt@example.com,"Franklin, Massachusetts",East,4
12/22/2010,12,479,776.0423999999999,3390,Telephones and Communication,Technology,0.02,65.99,0.57,435.5339999999999,TE_73,9.898499999999999,3,3,RA-19915,Russell Applegate,Small Business,russell_applegate@example.com,"Houston, Texas",Central,3
5/30/2009,4,480,3408.562,GBC DocuBind TL300 Electric Binding System,Binders and Binder Accessories,Office Supplies,0.05,896.99,0.38,1184.0268,OF_175,44.849500000000006,2,4,RA-19915,Russell Applegate,Home Office,russell_applegate@example.com,"Houston, Texas",Central,3
12/21/2012,19,481,268.0786,"GBC Prepunched Paper, 19-Hole, for Binding Systems, 24-lb",Binders and Binder Accessories,Office Supplies,0.06,15.01,0.39,94.11269999999999,OF_176,0.7505000000000001,2,3,RA-19915,Russell Applegate,Corporate,russell_applegate@example.com,"Houston, Texas",Central,3
12/21/2012,25,482,498.03749999999997,Microsoft Internet Keyboard,Computer Peripherals,Technology,0.05,20.97,0.78,382.7025,TE_29,3.1454999999999997,3,4,AS-10285,Alejandro Savely,Corporate,alejandro_savely@example.com,"San Francisco, California",West,2
12/21/2012,10,483,94.094,TDK 4.7GB DVD-R,Computer Peripherals,Technology,0.06,10.01,0.41,35.03499999999998,TE_77,1.5014999999999998,2,1,AS-10285,Alejandro Savely,Corporate,alejandro_savely@example.com,"San Francisco, California",West,2
2/14/2012,32,484,209.48479999999998,Xerox 1977,Paper,Office Supplies,0.02,6.68,0.37,74.81599999999997,OF_177,0.334,1,4,LA-16780,Laura Armstrong,Home Office,laura_armstrong@example.com,"Taylor, Michigan",Central,3
7/3/2010,20,485,195.39999999999998,DAX Solid Wood Frames,Office Furnishings,Furniture,0.0,9.77,0.48,93.79199999999997,FU_68,0.977,3,4,DO-13435,Denny Ordway,Corporate,denny_ordway@example.com,"Pembroke Pines, Florida",South,1
5/16/2011,17,486,1239.028,Honeywell Enviracaire® Portable Air Cleaner for up to 8 x 10 Room,Appliances,Office Supplies,0.05,76.72,0.54,639.0776000000001,OF_178,3.8360000000000003,1,3,DO-13435,Denny Ordway,Home Office,denny_ordway@example.com,"Pembroke Pines, Florida",South,1
3/7/2010,42,487,2292.4356000000002,Belkin 8 Outlet SurgeMaster II Gold Surge Protector,Appliances,Office Supplies,0.09,59.98,0.57,1209.1968000000002,OF_179,2.999,1,1,DK-13225,Dean Katz,Corporate,dean_katz@example.com,"Philadelphia, Pennsylvania",East,4
4/27/2009,40,488,2560.4119999999994,8260,Telephones and Communication,Technology,0.03,65.99,0.58,1451.7799999999993,TE_72,9.898499999999999,1,3,DK-13225,Dean Katz,Home Office,dean_katz@example.com,"Philadelphia, Pennsylvania",East,4
4/7/2012,21,489,483.63839999999993,"Recycled Interoffice Envelopes with String and Button Closure, 10 x 13",Envelopes,Office Supplies,0.04,23.99,0.35,156.17489999999998,OF_109,1.1995,1,4,NG-18430,Nathan Gelder,Corporate,nathan_gelder@example.com,"Cincinnati, Ohio",East,4
12/31/2010,39,490,6163.6419000000005,Multimedia Mailers,Envelopes,Office Supplies,0.03,162.93,0.39,2287.5372000000007,OF_180,8.146500000000001,2,4,MV-18190,Mike Vittorini,Small Business,mike_vittorini@example.com,"New York City, New York",East,4
2/2/2010,45,491,467.68499999999995,"White Business Envelopes with Contemporary Seam, Recycled White Business Envelopes",Envelopes,Office Supplies,0.05,10.94,0.35,147.68999999999994,OF_181,0.547,2,5,MV-18190,Mike Vittorini,Small Business,mike_vittorini@example.com,"New York City, New York",East,4
2/2/2010,21,492,843.3684,"Avery Trapezoid Ring Binder, 3"" Capacity, Black, 1040 sheets",Binders and Binder Accessories,Office Supplies,0.02,40.98,0.36,292.59719999999993,OF_182,2.049,2,4,JG-15115,Jack Garza,Small Business,jack_garza@example.com,"Des Moines, Washington",West,2
4/15/2012,19,493,104.7052,"DXL Angle-View Binders with Locking Rings, Black",Binders and Binder Accessories,Office Supplies,0.08,5.99,0.38,34.143,OF_183,0.29950000000000004,2,5,JG-15115,Jack Garza,Corporate,jack_garza@example.com,"Des Moines, Washington",West,2
4/15/2012,20,494,1319.8,8260,Telephones and Communication,Technology,0.0,65.99,0.58,765.4839999999999,TE_72,9.898499999999999,3,2,BP-11095,Bart Pistole,Corporate,bart_pistole@example.com,"Peoria, Illinois",Central,3
5/19/2010,48,495,212.7792,Newell® 3-Hole Punched Plastic Slotted Magazine Holders for Binders,Binders and Binder Accessories,Office Supplies,0.03,4.57,0.37,74.5824,OF_184,0.22850000000000004,1,3,VP-21730,Victor Preis,Corporate,victor_preis@example.com,"Las Vegas, Nevada",West,2
5/19/2010,34,496,337.3854,Laser & Ink Jet Business Envelopes,Envelopes,Office Supplies,0.07,10.67,0.39,116.08959999999999,OF_185,0.5335,1,5,SS-20140,Saphhira Shifley,Corporate,saphhira_shifley@example.com,"Warwick, Rhode Island",East,4
5/19/2010,34,497,14882.4324,Okidata ML390 Turbo Dot Matrix Printers,Office Machines,Technology,0.01,442.14,0.56,8268.018,TE_78,66.321,3,5,SS-20140,Saphhira Shifley,Corporate,saphhira_shifley@example.com,"Warwick, Rhode Island",East,4
7/27/2009,15,498,25.578,"Eldon Regeneration Recycled Desk Accessories, Smoke",Office Furnishings,Furniture,0.02,1.74,0.53,13.311,FU_69,0.17400000000000002,2,3,HP-14815,Harold Pawlan,Small Business,harold_pawlan@example.com,"Jackson, Michigan",Central,3
3/31/2009,1,499,52.070699999999995,Accessory36,Telephones and Communication,Technology,0.07,55.99,0.83,42.55239999999999,TE_26,8.3985,1,1,AG-10675,Anna Gayman,Corporate,anna_gayman@example.com,"Houston, Texas",Central,3
6/11/2012,27,500,834.8885999999999,"Linden® 12"" Wall Clock With Oak Frame",Office Furnishings,Furniture,0.09,33.98,0.55,422.03159999999997,FU_19,3.3979999999999997,2,1,AG-10675,Anna Gayman,Consumer,anna_gayman@example.com,"Houston, Texas",Central,3
9/1/2010,40,501,7396.432000000001,2160i,Telephones and Communication,Technology,0.08,200.99,0.59,4100.196,TE_79,30.1485,3,1,AG-10675,Anna Gayman,Consumer,anna_gayman@example.com,"Houston, Texas",Central,3
8/9/2012,5,502,666.3510000000001,Global Deluxe High-Back Office Chair in Storm,Chairs & Chairmats,Furniture,0.02,135.99,0.76,503.1630000000001,FU_70,13.599000000000002,2,1,AG-10675,Anna Gayman,Corporate,anna_gayman@example.com,"Houston, Texas",Central,3
5/7/2010,37,503,2365.7799999999997,"Howard Miller 16"" Diameter Gallery Wall Clock",Office Furnishings,Furniture,0.0,63.94,0.46,1088.2587999999998,FU_66,6.394,2,5,LF-17185,Luke Foster,Home Office,luke_foster@example.com,"Miami, Florida",South,1
5/7/2010,28,504,3908.2428000000004,Canon MP100DHII Printing Calculator,Office Machines,Technology,0.01,140.99,0.37,1421.1792000000005,TE_80,21.148500000000002,1,3,SP-20650,Stephanie Phelps,Home Office,stephanie_phelps@example.com,"Wilmington, North Carolina",South,1
8/25/2011,39,505,777.6794999999998,Accessory21,Telephones and Communication,Technology,0.05,20.99,0.37,261.9551999999999,TE_33,3.1485,2,1,RF-19840,Roy FranzÃ¶sisch,Small Business,roy_franzã¶sisch@example.com,"New York City, New York",East,4
9/21/2010,20,506,737.712,Verbatim DVD-R 4.7GB authoring disc,Computer Peripherals,Technology,0.06,39.24,0.51,353.16,TE_34,5.886,3,3,KH-16510,Keith Herrera,Home Office,keith_herrera@example.com,"San Francisco, California",West,2
9/21/2010,19,507,133.5472,"Rediform Wirebound ""Phone Memo"" Message Book, 11 x 5-3/4",Paper,Office Supplies,0.08,7.64,0.36,40.644800000000004,OF_136,0.382,1,5,KH-16510,Keith Herrera,Home Office,keith_herrera@example.com,"San Francisco, California",West,2
6/30/2012,5,508,273.7,"C-Line Cubicle Keepers Polyproplyene Holder w/Velcro® Back, 8-1/2x11, 25/Bx",Office Furnishings,Furniture,0.0,54.74,0.54,147.798,FU_71,5.474,3,1,KH-16510,Keith Herrera,Home Office,keith_herrera@example.com,"San Francisco, California",West,2
1/17/2011,34,509,212.058,Avery 51,Labels,Office Supplies,0.01,6.3,0.39,81.39599999999999,OF_186,0.315,1,5,KH-16510,Keith Herrera,Corporate,keith_herrera@example.com,"San Francisco, California",West,2
10/10/2010,12,510,30.672,SANFORD Liquid Accent Tank-Style Highlighters,Pens & Art Supplies,Office Supplies,0.1,2.84,0.54,14.995200000000004,OF_17,0.142,2,4,KH-16510,Keith Herrera,Corporate,keith_herrera@example.com,"San Francisco, California",West,2
6/9/2011,43,511,141.6248,Avery Poly Binder Pockets,Binders and Binder Accessories,Office Supplies,0.08,3.58,0.37,44.6426,OF_187,0.17900000000000002,1,5,KH-16510,Keith Herrera,Corporate,keith_herrera@example.com,"San Francisco, California",West,2
6/9/2011,18,512,100.03499999999998,"Dixon My First Ticonderoga Pencil, #2",Pens & Art Supplies,Office Supplies,0.05,5.85,0.56,53.702999999999996,OF_188,0.2925,2,5,KH-16510,Keith Herrera,Corporate,keith_herrera@example.com,"San Francisco, California",West,2
6/9/2011,41,513,132.1922,Acco® Hot Clips Clips to Go,Rubber Bands,Office Supplies,0.02,3.29,0.4,51.258200000000016,OF_189,0.1645,2,4,KH-16510,Keith Herrera,Corporate,keith_herrera@example.com,"San Francisco, California",West,2
6/26/2012,27,514,284.6016,Fiskars® Softgrip Scissors,"Scissors, Rulers and Trimmers",Office Supplies,0.04,10.98,0.57,157.1238,OF_190,0.549,1,4,KH-16510,Keith Herrera,Corporate,keith_herrera@example.com,"San Francisco, California",West,2
3/16/2010,46,515,373.15199999999993,"Elite 5"" Scissors","Scissors, Rulers and Trimmers",Office Supplies,0.04,8.45,0.55,198.23699999999997,OF_191,0.4225,1,4,KC-16675,Kimberly Carter,Small Business,kimberly_carter@example.com,"Seattle, Washington",West,2
11/13/2010,8,516,43.3504,Eldon Wave Desk Accessories,Office Furnishings,Furniture,0.08,5.89,0.41,15.549599999999998,FU_72,0.589,3,2,KC-16675,Kimberly Carter,Corporate,kimberly_carter@example.com,"Seattle, Washington",West,2
11/14/2009,12,517,56.563199999999995,Avery 478,Labels,Office Supplies,0.04,4.91,0.36,18.85439999999999,OF_192,0.24550000000000002,2,5,CJ-12010,Caroline Jumper,Home Office,caroline_jumper@example.com,"Huntington Beach, California",West,2
11/14/2009,48,518,749.8176,Boston 16701 Slimline Battery Pencil Sharpener,Pens & Art Supplies,Office Supplies,0.02,15.94,0.55,405.5136,OF_193,0.797,2,3,PB-19150,Philip Brown,Home Office,philip_brown@example.com,"Los Angeles, California",West,2
9/12/2011,4,519,86.792,Xerox 1982,Paper,Office Supplies,0.05,22.84,0.39,31.062400000000004,OF_87,1.1420000000000001,1,4,VB-21745,Victoria Brennan,Home Office,victoria_brennan@example.com,"Richmond, Kentucky",South,1
11/23/2009,48,520,9306.96,"Soundgear Copyboard Conference Phone, Optional Battery",Office Machines,Technology,0.05,204.1,0.37,3134.9759999999987,TE_81,30.615,2,2,SP-20860,Sung Pak,Small Business,sung_pak@example.com,"Los Angeles, California",West,2
7/10/2010,1,521,93.3945,"Dot Matrix Printer Tape Reel Labels, White, 5000/Box",Labels,Office Supplies,0.05,98.31,0.36,30.476099999999988,OF_194,4.915500000000001,2,4,SP-20860,Sung Pak,Corporate,sung_pak@example.com,"Los Angeles, California",West,2
3/6/2009,26,522,1474.4963999999998,Euro Pro Shark Stick Mini Vacuum,Appliances,Office Supplies,0.07,60.98,0.59,824.4495999999998,OF_195,3.049,1,2,JE-15745,Joel Eaton,Home Office,joel_eaton@example.com,"Louisville, Colorado",West,2
2/17/2011,5,523,683.6149999999999,Panasonic KX-P1150 Dot Matrix Printer,Office Machines,Technology,0.06,145.45,0.56,363.62499999999994,TE_23,21.8175,2,3,MP-17965,Michael Paige,Small Business,michael_paige@example.com,"Lawrence, Massachusetts",East,4
2/17/2011,1,524,11.788799999999998,Recycled Eldon Regeneration Jumbo File,Storage & Organization,Office Supplies,0.04,12.28,0.57,6.508399999999998,OF_95,0.614,1,4,MP-17965,Michael Paige,Small Business,michael_paige@example.com,"Lawrence, Massachusetts",East,4
11/19/2011,12,525,1238.7456,"Tenex Contemporary Contur Chairmats for Low and Medium Pile Carpet, Computer, 39"" x 49""",Office Furnishings,Furniture,0.04,107.53,0.65,787.1196,FU_73,10.753,4,2,NF-18385,Natalie Fritzler,Corporate,natalie_fritzler@example.com,"Jackson, Mississippi",South,1
6/3/2011,17,526,44.7083,Avery 498,Labels,Office Supplies,0.09,2.89,0.38,14.247700000000002,OF_196,0.14450000000000002,1,4,JM-15265,Janet Molinari,Small Business,janet_molinari@example.com,"Canton, Michigan",Central,3
5/25/2010,2,527,41.96,Premium Transparent Presentation Covers by GBC,Binders and Binder Accessories,Office Supplies,0.0,20.98,0.37,15.525200000000002,OF_197,1.0490000000000002,1,3,JM-15265,Janet Molinari,Corporate,janet_molinari@example.com,"Canton, Michigan",Central,3
5/25/2010,20,528,1995.8400000000001,"Barricks 18"" x 48"" Non-Folding Utility Table with Bottom Storage Shelf",Tables,Furniture,0.01,100.8,0.59,1169.2800000000002,FU_74,10.08,2,5,SD-20485,Shirley Daniels,Corporate,shirley_daniels@example.com,"New Rochelle, New York",East,4
5/30/2009,30,529,3447.93,GBC VeloBinder Electric Binding Machine,Binders and Binder Accessories,Office Supplies,0.05,120.98,0.35,1088.8199999999997,OF_198,6.049,2,4,KH-16630,Ken Heidel,Home Office,ken_heidel@example.com,"San Antonio, Texas",Central,3
8/30/2012,43,530,664.4274,Brown Kraft Recycled Envelopes,Envelopes,Office Supplies,0.09,16.98,0.35,189.83640000000003,OF_199,0.8490000000000001,1,5,RB-19795,Ross Baird,Corporate,ross_baird@example.com,"Gastonia, North Carolina",South,1
12/16/2011,50,531,597.08,"Acme® 8"" Straight Scissors","Scissors, Rulers and Trimmers",Office Supplies,0.08,12.98,0.6,337.48,OF_128,0.649,1,4,RB-19795,Ross Baird,Home Office,ross_baird@example.com,"Gastonia, North Carolina",South,1
12/9/2009,9,532,67.5954,Bell Sonecor JB700 Caller ID,Telephones and Communication,Technology,0.06,7.99,0.6,38.831399999999995,TE_13,1.1985,3,3,RB-19795,Ross Baird,Consumer,ross_baird@example.com,"Gastonia, North Carolina",South,1
7/3/2012,49,533,9315.4047,A1228,Telephones and Communication,Technology,0.03,195.99,0.58,5281.930499999999,TE_82,29.3985,1,4,RB-19795,Ross Baird,Corporate,ross_baird@example.com,"Gastonia, North Carolina",South,1
12/24/2010,2,534,252.04319999999998,"3M Polarizing Task Lamp with Clamp Arm, Light Gray",Office Furnishings,Furniture,0.08,136.98,0.59,139.71959999999999,FU_75,13.698,2,2,DB-13060,Dave Brooks,Home Office,dave_brooks@example.com,"Lowell, Massachusetts",East,4
5/17/2011,5,535,592.1529999999999,8290,Telephones and Communication,Technology,0.06,125.99,0.6,340.1729999999999,TE_83,18.8985,2,5,MK-18160,Mike Kennedy,Corporate,mike_kennedy@example.com,"Jacksonville, Florida",South,1
1/11/2012,1,536,109.03059999999999,Hewlett-Packard Deskjet 5550 Color Inkjet Printer,Office Machines,Technology,0.06,115.99,0.4,39.4366,TE_84,17.3985,3,5,MK-18160,Mike Kennedy,Small Business,mike_kennedy@example.com,"Jacksonville, Florida",South,1
10/3/2011,39,537,1241.3855999999998,Fellowes Neat Ideas® Storage Cubes,Storage & Organization,Office Supplies,0.02,32.48,0.81,1000.7087999999999,OF_200,1.6239999999999999,1,4,PO-19180,Philisse Overcash,Home Office,philisse_overcash@example.com,"Chicago, Illinois",Central,3
10/3/2011,22,538,3775.134,"Lesro Round Back Collection Coffee Table, End Table",Tables,Furniture,0.06,182.55,0.72,2650.6259999999997,FU_76,18.255000000000003,2,3,PO-19180,Philisse Overcash,Home Office,philisse_overcash@example.com,"Chicago, Illinois",Central,3
3/5/2010,1,539,2.7647999999999997,Avery 492,Labels,Office Supplies,0.04,2.88,0.39,1.0079999999999998,OF_201,0.144,1,4,BB-11545,Brenda Bowman,Corporate,brenda_bowman@example.com,"Houston, Texas",Central,3
3/5/2010,47,540,128.5074,Newell 343,Pens & Art Supplies,Office Supplies,0.07,2.94,0.58,70.47179999999999,OF_202,0.147,2,4,CV-12805,Cynthia Voltz,Corporate,cynthia_voltz@example.com,"New York City, New York",East,4
11/5/2011,48,541,565.8624,Recycled Eldon Regeneration Jumbo File,Storage & Organization,Office Supplies,0.04,12.28,0.57,312.40319999999997,OF_95,0.614,1,3,PK-19075,Pete Kriz,Small Business,pete_kriz@example.com,"Detroit, Michigan",Central,3
11/5/2011,45,542,15253.4925,"SAFCO PlanMaster Heigh-Adjustable Drafting Table Base, 43w x 30d x 30-37h, Black",Tables,Furniture,0.03,349.45,,,FU_44,34.945,2,5,PK-19075,Pete Kriz,Small Business,pete_kriz@example.com,"Detroit, Michigan",Central,3
1/5/2009,6,543,667.7544,Canon S750 Color Inkjet Printer,Office Machines,Technology,0.08,120.97,0.38,217.74599999999998,TE_85,18.1455,2,4,PK-19075,Pete Kriz,Home Office,pete_kriz@example.com,"Detroit, Michigan",Central,3
11/25/2010,28,544,615.44,Panasonic KP-310 Heavy-Duty Electric Pencil Sharpener,Pens & Art Supplies,Office Supplies,0.0,21.98,0.55,338.4920000000001,OF_203,1.099,2,4,PK-19075,Pete Kriz,Consumer,pete_kriz@example.com,"Detroit, Michigan",Central,3
4/8/2011,43,545,660.0672000000001,"AT&T Black Trimline Phone, Model 210",Office Machines,Technology,0.04,15.99,0.49,309.4065000000001,TE_86,2.3985,2,2,PK-19075,Pete Kriz,Small Business,pete_kriz@example.com,"Detroit, Michigan",Central,3
4/8/2011,19,546,50.178999999999995,Newell 318,Pens & Art Supplies,Office Supplies,0.05,2.78,0.59,28.522799999999997,OF_204,0.13899999999999998,1,4,PK-19075,Pete Kriz,Small Business,pete_kriz@example.com,"Detroit, Michigan",Central,3
4/8/2011,7,547,44.38419999999999,"Staples Pen Style Liquid Stix; Assorted (yellow, pink, green, blue, orange), 5/Pack",Pens & Art Supplies,Office Supplies,0.02,6.47,0.4,17.210199999999993,OF_205,0.3235,1,3,TB-21595,Troy Blackwell,Small Business,troy_blackwell@example.com,"Columbus, Indiana",Central,3
4/8/2011,20,548,76.242,Staples Vinyl Coated Paper Clips,Rubber Bands,Office Supplies,0.03,3.93,0.39,28.296000000000006,OF_145,0.1965,1,5,RB-19360,Raymond Buch,Small Business,raymond_buch@example.com,"Auburn, New York",East,4
3/31/2010,44,549,5544.9504,"3M Polarizing Task Lamp with Clamp Arm, Light Gray",Office Furnishings,Furniture,0.08,136.98,0.59,3073.8311999999996,FU_75,13.698,2,2,RB-19360,Raymond Buch,Corporate,raymond_buch@example.com,"Auburn, New York",East,4
3/10/2012,47,550,180.52229999999997,Avery 491,Labels,Office Supplies,0.07,4.13,0.39,62.11519999999997,OF_206,0.20650000000000002,2,5,RB-19360,Raymond Buch,Corporate,raymond_buch@example.com,"Auburn, New York",East,4
2/20/2009,41,551,221.53529999999995,Fellowes Black Plastic Comb Bindings,Binders and Binder Accessories,Office Supplies,0.07,5.81,0.39,76.22719999999995,OF_65,0.2905,1,4,RB-19360,Raymond Buch,Small Business,raymond_buch@example.com,"Auburn, New York",East,4
2/20/2009,49,552,453.936,"Eldon Expressions Desk Accessory, Wood Pencil Holder, Oak",Office Furnishings,Furniture,0.04,9.65,0.55,241.1535,FU_08,0.9650000000000001,2,5,RB-19360,Raymond Buch,Small Business,raymond_buch@example.com,"Auburn, New York",East,4
10/1/2009,10,553,575.586,O'Sullivan 3-Shelf Heavy-Duty Bookcases,Bookcases,Furniture,0.01,58.14,0.61,348.84000000000003,FU_28,5.814,4,4,RB-19360,Raymond Buch,Small Business,raymond_buch@example.com,"Auburn, New York",East,4
11/1/2012,44,554,4688.2176,T18,Telephones and Communication,Technology,0.04,110.99,0.57,2588.2868,TE_87,16.6485,1,3,EB-13705,Ed Braxton,Corporate,ed_braxton@example.com,"Akron, Ohio",East,4
7/21/2011,10,555,2574.2520000000004,Sanyo 2.5 Cubic Foot Mid-Size Office Refrigerators,Appliances,Office Supplies,0.08,279.81,0.59,1427.0310000000004,OF_207,13.9905,2,2,EB-13705,Ed Braxton,Home Office,ed_braxton@example.com,"Akron, Ohio",East,4
11/23/2010,20,556,1494.35,Honeywell Quietcare HEPA Air Cleaner,Appliances,Office Supplies,0.05,78.65,0.52,739.3099999999998,OF_208,3.9325000000000006,1,4,KH-16630,Ken Heidel,Corporate,ken_heidel@example.com,"Norman, Oklahoma",Central,3
2/6/2010,21,557,744.24,Staples Colored Bar Computer Paper,Paper,Office Supplies,0.0,35.44,0.38,282.81120000000004,OF_209,1.772,1,4,SC-20095,Sanjit Chand,Small Business,sanjit_chand@example.com,"Concord, California",West,2
1/4/2011,17,558,196.2378,Boston 16765 Mini Stand Up Battery Pencil Sharpener,Pens & Art Supplies,Office Supplies,0.01,11.66,0.59,114.96759999999998,OF_210,0.5830000000000001,2,3,NF-18385,Natalie Fritzler,Consumer,natalie_fritzler@example.com,"Decatur, Illinois",Central,3
1/4/2011,8,559,78.8096,Staples Battery-Operated Desktop Pencil Sharpener,Pens & Art Supplies,Office Supplies,0.06,10.48,0.6,45.2736,OF_211,0.524,2,3,NF-18385,Natalie Fritzler,Consumer,natalie_fritzler@example.com,"Decatur, Illinois",Central,3
8/2/2009,31,560,177.1588,Eldon® 200 Class Desk Accessories,Office Furnishings,Furniture,0.09,6.28,0.53,85.65920000000001,FU_77,0.6280000000000001,4,5,JH-15985,Joseph Holt,Small Business,joseph_holt@example.com,"Seattle, Washington",West,2
6/5/2010,21,561,448.79939999999993,"Memorex 80 Minute CD-R, 30/Pack",Computer Peripherals,Technology,0.07,22.98,0.46,188.2061999999999,TE_88,3.447,1,4,JH-15985,Joseph Holt,Home Office,joseph_holt@example.com,"Seattle, Washington",West,2
8/2/2009,1,562,297.97020000000003,"Global Leather and Oak Executive Chair, Black",Chairs & Chairmats,Furniture,0.01,300.98,0.56,165.53900000000004,FU_13,30.098000000000003,3,2,JH-15985,Joseph Holt,Corporate,joseph_holt@example.com,"Seattle, Washington",West,2
12/28/2010,14,563,2105.7147999999997,"Dual Level, Single-Width Filing Carts",Storage & Organization,Office Supplies,0.03,155.06,0.59,1215.6703999999997,OF_212,7.753,1,5,TN-21040,Tanja Norvell,Consumer,tanja_norvell@example.com,"Phoenix, Arizona",West,2
10/10/2012,7,564,352.42199999999997,"Fellowes Smart Design 104-Key Enhanced Keyboard, PS/2 Adapter, Platinum",Computer Peripherals,Technology,0.1,55.94,0.68,227.1164,TE_89,8.391,3,1,TN-21040,Tanja Norvell,Corporate,tanja_norvell@example.com,"Phoenix, Arizona",West,2
4/2/2011,28,565,144.88320000000002,"Wilson Jones 1"" Hanging DublLock® Ring Binders",Binders and Binder Accessories,Office Supplies,0.02,5.28,0.37,51.744000000000014,OF_11,0.264,1,3,TN-21040,Tanja Norvell,Corporate,tanja_norvell@example.com,"Phoenix, Arizona",West,2
11/25/2009,50,566,379.5,"Master Giant Foot® Doorstop, Safety Yellow",Office Furnishings,Furniture,0.0,7.59,0.42,159.39,FU_78,0.759,2,4,TN-21040,Tanja Norvell,Small Business,tanja_norvell@example.com,"Phoenix, Arizona",West,2
11/25/2009,31,567,168.69580000000002,"Perma STOR-ALL Hanging File Box, 13 1/8""W x 12 1/4""D x 10 1/2""H",Storage & Organization,Office Supplies,0.09,5.98,0.68,109.37420000000003,OF_213,0.29900000000000004,2,5,TN-21040,Tanja Norvell,Small Business,tanja_norvell@example.com,"Phoenix, Arizona",West,2
4/11/2012,1,568,2550.14,Epson DFX-8500 Dot Matrix Printer,Office Machines,Technology,0.0,2550.14,0.57,1453.5797999999998,TE_90,382.52099999999996,3,3,JS-15940,Joni Sundaresam,Corporate,joni_sundaresam@example.com,"Park Ridge, Illinois",Central,3
2/16/2010,13,569,721.24,Xerox 194,Paper,Office Supplies,0.0,55.48,0.37,266.85880000000003,OF_214,2.774,1,5,DS-13180,David Smith,Consumer,david_smith@example.com,"Amarillo, Texas",Central,3
9/24/2010,47,570,1226.2769999999998,SouthWestern Bell FA970 Digital Answering Machine with Time/Day Stamp,Telephones and Communication,Technology,0.1,28.99,0.56,626.7638,TE_91,4.3485,2,4,CC-12670,Craig Carreira,Corporate,craig_carreira@example.com,"Chicago, Illinois",Central,3
2/21/2009,39,571,172.341,Avery 493,Labels,Office Supplies,0.1,4.91,0.36,49.78739999999999,OF_215,0.24550000000000002,1,4,MH-17785,Maya Herman,Home Office,maya_herman@example.com,"Lindenhurst, New York",East,4
2/21/2009,11,572,2599.6971,"Bevis Round Bullnose 29"" High Table Top",Tables,Furniture,0.09,259.71,0.61,1485.5412,FU_79,25.971,2,3,JP-15520,Jeremy Pistek,Home Office,jeremy_pistek@example.com,"San Francisco, California",West,2
11/11/2012,32,573,1817.312,GBC Recycled Regency Composition Covers,Binders and Binder Accessories,Office Supplies,0.05,59.78,0.39,650.4063999999998,OF_98,2.9890000000000003,2,3,JP-15520,Jeremy Pistek,Small Business,jeremy_pistek@example.com,"San Francisco, California",West,2
11/11/2012,44,574,172.634,Avery 506,Labels,Office Supplies,0.05,4.13,0.39,61.78479999999999,OF_55,0.20650000000000002,2,5,JP-15520,Jeremy Pistek,Small Business,jeremy_pistek@example.com,"San Francisco, California",West,2
11/11/2012,12,575,368.04240000000004,Xerox 197,Paper,Office Supplies,0.01,30.98,0.4,144.98640000000003,OF_216,1.5490000000000002,2,3,JP-15520,Jeremy Pistek,Small Business,jeremy_pistek@example.com,"San Francisco, California",West,2
10/27/2011,26,576,191.88,"Eldon® Expressions Wood Desk Accessories, Oak",Office Furnishings,Furniture,0.0,7.38,0.56,107.45280000000001,FU_80,0.738,2,3,JP-15520,Jeremy Pistek,Consumer,jeremy_pistek@example.com,"San Francisco, California",West,2
12/16/2009,29,577,757.3697999999999,Xerox 1935,Paper,Office Supplies,0.01,26.38,0.39,290.70759999999996,OF_217,1.319,2,3,JP-15520,Jeremy Pistek,Small Business,jeremy_pistek@example.com,"San Francisco, California",West,2
5/7/2010,24,578,50.284800000000004,Peel & Stick Add-On Corner Pockets,Binders and Binder Accessories,Office Supplies,0.03,2.16,0.37,17.625600000000006,OF_218,0.10800000000000001,1,3,KH-16690,Kristen Hastings,Corporate,kristen_hastings@example.com,"Los Angeles, California",West,2
1/8/2011,36,579,1780.2215999999999,Eureka The Boss® Cordless Rechargeable Stick Vac,Appliances,Office Supplies,0.03,50.98,0.58,1009.4039999999999,OF_219,2.549,2,5,JE-15475,Jeremy Ellison,Corporate,jeremy_ellison@example.com,"Troy, New York",East,4
7/9/2012,4,580,8.32,Eldon® Wave Desk Accessories,Office Furnishings,Furniture,0.0,2.08,0.43,3.5775999999999994,FU_25,0.20800000000000002,4,5,JG-15805,John Grady,Corporate,john_grady@example.com,"New York City, New York",East,4
7/9/2012,39,581,247.6656,Xerox 1905,Paper,Office Supplies,0.02,6.48,0.37,88.452,OF_220,0.32400000000000007,1,4,JG-15805,John Grady,Corporate,john_grady@example.com,"New York City, New York",East,4
7/9/2012,5,582,295.65900000000005,Fellowes Bankers Box Staxonsteel® Drawer File/Stacking System,Storage & Organization,Office Supplies,0.09,64.98,0.73,207.93600000000004,OF_221,3.2490000000000006,2,5,XP-21865,Xylona Preis,Corporate,xylona_preis@example.com,"San Diego, California",West,2
3/9/2009,42,583,775.3535999999999,"Executive Impressions 13"" Clairmont Wall Clock",Office Furnishings,Furniture,0.04,19.23,0.44,323.0639999999999,FU_81,1.923,4,5,EM-14065,Erin Mull,Home Office,erin_mull@example.com,"New York City, New York",East,4
12/30/2011,23,584,6576.413,"Global Leather and Oak Executive Chair, Black",Chairs & Chairmats,Furniture,0.05,300.98,0.56,3530.4954,FU_13,30.098000000000003,4,1,EM-14065,Erin Mull,Small Business,erin_mull@example.com,"New York City, New York",East,4
12/30/2011,21,585,9784.1394,Global Troy Executive Leather Low-Back Tilter,Chairs & Chairmats,Furniture,0.07,500.98,0.6,5575.907399999999,FU_07,50.098000000000006,4,1,MT-18070,Michelle Tran,Small Business,michelle_tran@example.com,"Los Angeles, California",West,2
12/30/2011,18,586,780.8832,"Verbatim DVD-RAM, 9.4GB, Rewritable, Type 1, DS, DataLife Plus",Computer Peripherals,Technology,0.04,45.19,0.55,414.84420000000006,TE_60,6.778499999999999,1,2,MT-18070,Michelle Tran,Small Business,michelle_tran@example.com,"Los Angeles, California",West,2
3/29/2009,18,587,198.22320000000002,Staples SlimLine Pencil Sharpener,Pens & Art Supplies,Office Supplies,0.08,11.97,0.6,112.03920000000002,OF_222,0.5985,2,3,MT-18070,Michelle Tran,Small Business,michelle_tran@example.com,"Los Angeles, California",West,2
2/13/2011,30,588,129.67499999999998,Presstex Flexible Ring Binders,Binders and Binder Accessories,Office Supplies,0.05,4.55,0.35,40.94999999999999,OF_223,0.2275,2,3,SA-20830,Sue Ann Reed,Small Business,sue_reed@example.com,"Chicago, Illinois",Central,3
1/28/2011,10,589,259.168,"Memorex 4.7GB DVD+RW, 3/Pack",Computer Peripherals,Technology,0.09,28.48,0.4,88.28800000000001,TE_92,4.272,1,3,CW-11905,Carl Weiss,Corporate,carl_weiss@example.com,"Huntsville, Texas",Central,3
1/28/2011,26,590,101.18159999999999,Eldon Image Series Black Desk Accessories,Office Furnishings,Furniture,0.06,4.14,0.49,46.285199999999996,FU_82,0.414,3,5,CW-11905,Carl Weiss,Corporate,carl_weiss@example.com,"Huntsville, Texas",Central,3
9/8/2012,7,591,79.8161,Avery 485,Labels,Office Supplies,0.09,12.53,0.38,25.43590000000001,OF_224,0.6265000000000001,1,5,CW-11905,Carl Weiss,Consumer,carl_weiss@example.com,"Huntsville, Texas",Central,3
9/8/2012,36,592,204.28199999999998,"Dixon My First Ticonderoga Pencil, #2",Pens & Art Supplies,Office Supplies,0.03,5.85,0.56,111.61800000000001,OF_188,0.2925,2,4,AJ-10960,Astrea Jones,Consumer,astrea_jones@example.com,"Rochester, New York",East,4
5/18/2009,42,593,11565.1368,Global Adaptabilities Conference Tables,Tables,Furniture,0.02,280.98,0.78,8968.8816,FU_83,28.098000000000003,3,5,AJ-10960,Astrea Jones,Corporate,astrea_jones@example.com,"Rochester, New York",East,4
7/29/2012,32,594,5467.5455999999995,Kensington 7 Outlet MasterPiece Power Center,Appliances,Office Supplies,0.04,177.98,0.56,2961.5872,OF_147,8.899,2,3,SS-20590,Sonia Sunley,Corporate,sonia_sunley@example.com,"Seattle, Washington",West,2
7/29/2012,16,595,783.0527999999999,"Global Deluxe Stacking Chair, Gray",Chairs & Chairmats,Furniture,0.04,50.98,0.56,424.1536,FU_64,5.098,4,3,RO-19780,Rose O'Brian,Corporate,rose_o'brian@example.com,"Memphis, Tennessee",South,1
4/22/2012,20,596,903.1519999999999,Xerox 1885,Paper,Office Supplies,0.06,48.04,0.37,297.84799999999996,OF_225,2.402,1,4,MD-17350,Maribeth Dona,Small Business,maribeth_dona@example.com,"Fayetteville, Arkansas",South,1
7/16/2012,34,597,88.74,Avery 479,Labels,Office Supplies,0.0,2.61,0.39,34.6086,OF_226,0.1305,2,5,SC-20095,Sanjit Chand,Small Business,sanjit_chand@example.com,"Costa Mesa, California",West,2
9/22/2012,45,598,669.1814999999999,"AT&T Black Trimline Phone, Model 210",Office Machines,Technology,0.07,15.99,0.49,302.21099999999996,TE_86,2.3985,1,3,SC-20095,Sanjit Chand,Consumer,sanjit_chand@example.com,"Costa Mesa, California",West,2
5/20/2010,36,599,266.2848,"Fellowes Twister Kit, Gray/Clear, 3/pkg",Binders and Binder Accessories,Office Supplies,0.08,8.04,0.4,92.62080000000006,OF_227,0.40199999999999997,1,4,SC-20095,Sanjit Chand,Corporate,sanjit_chand@example.com,"Costa Mesa, California",West,2
5/20/2010,18,600,38.5344,Eldon Pizzaz Desk Accessories,Office Furnishings,Furniture,0.04,2.23,0.41,14.851799999999997,FU_84,0.223,3,3,SC-20095,Sanjit Chand,Corporate,sanjit_chand@example.com,"Costa Mesa, California",West,2
12/2/2009,42,601,516.7049999999999,GBC Binding covers,Binders and Binder Accessories,Office Supplies,0.05,12.95,0.4,190.36499999999995,OF_96,0.6475,1,5,MY-17380,Maribeth Yedwab,Consumer,maribeth_yedwab@example.com,"Parker, Colorado",West,2
6/1/2010,37,602,4205.7973999999995,Hewlett-Packard Deskjet 5550 Color Inkjet Printer,Office Machines,Technology,0.02,115.99,0.4,1630.8193999999999,TE_84,17.3985,1,5,MY-17380,Maribeth Yedwab,Consumer,maribeth_yedwab@example.com,"Parker, Colorado",West,2
9/25/2010,38,603,2357.1627999999996,Talkabout T8367,Telephones and Communication,Technology,0.06,65.99,0.56,1253.8099999999997,TE_93,9.898499999999999,3,3,MY-17380,Maribeth Yedwab,Home Office,maribeth_yedwab@example.com,"Parker, Colorado",West,2
11/19/2012,14,604,212.534,Logitech Access Keyboard,Computer Peripherals,Technology,0.05,15.98,0.37,71.59039999999999,TE_94,2.397,1,1,MY-17380,Maribeth Yedwab,Corporate,maribeth_yedwab@example.com,"Parker, Colorado",West,2
12/14/2010,12,605,1538.0819999999999,"Fellowes Strictly Business® Drawer File, Letter/Legal Size",Storage & Organization,Office Supplies,0.09,140.85,0.73,1081.7279999999998,OF_228,7.0425,1,3,MY-17380,Maribeth Yedwab,Small Business,maribeth_yedwab@example.com,"Parker, Colorado",West,2
10/25/2012,50,606,201.16,Newell 336,Pens & Art Supplies,Office Supplies,0.06,4.28,0.56,107.0,OF_229,0.21400000000000002,1,4,EB-13705,Ed Braxton,Home Office,ed_braxton@example.com,"New York City, New York",East,4
6/17/2010,18,607,1015.0272,"Conquest 14 Commercial Heavy-Duty Upright Vacuum, Collection System, Accessory Kit",Appliances,Office Supplies,0.01,56.96,0.56,563.904,OF_230,2.8480000000000003,1,3,CM-12385,Christopher Martinez,Corporate,christopher_martinez@example.com,"Atlanta, Georgia",South,1
6/17/2010,1,608,265.50600000000003,"Tennsco Snap-Together Open Shelving Units, Starter Sets and Add-On Units",Storage & Organization,Office Supplies,0.05,279.48,0.8,209.61000000000004,OF_52,13.974000000000002,1,3,CM-12385,Christopher Martinez,Corporate,christopher_martinez@example.com,"Atlanta, Georgia",South,1
6/29/2012,46,609,6871.572,GBC DocuBind P100 Manual Binding Machine,Binders and Binder Accessories,Office Supplies,0.1,165.98,0.4,2290.5240000000003,OF_231,8.299,1,5,CM-12385,Christopher Martinez,Corporate,christopher_martinez@example.com,"Atlanta, Georgia",South,1
2/1/2009,17,610,51.8364,Avery 497,Labels,Office Supplies,0.01,3.08,0.37,18.849599999999995,OF_232,0.15400000000000003,1,4,CM-12385,Christopher Martinez,Corporate,christopher_martinez@example.com,"Atlanta, Georgia",South,1
8/25/2011,37,611,4555.0848,SAFCO Folding Chair Trolley,Chairs & Chairmats,Furniture,0.04,128.24,,,FU_85,12.824000000000002,4,3,LS-17245,Lynn Smith,Home Office,lynn_smith@example.com,"Gladstone, Missouri",Central,3
6/20/2009,42,612,428.87879999999996,"Manila Recycled Extra-Heavyweight Clasp Envelopes, 6"" x 9""",Envelopes,Office Supplies,0.07,10.98,0.36,133.73639999999995,OF_233,0.549,1,5,LS-17245,Lynn Smith,Corporate,lynn_smith@example.com,"Gladstone, Missouri",Central,3
5/3/2010,24,613,710.1864,"Verbatim DVD-RAM, 5.2GB, Rewritable, Type 1, DS",Computer Peripherals,Technology,0.01,29.89,0.5,351.50640000000004,TE_95,4.4835,2,4,LF-17185,Luke Foster,Home Office,luke_foster@example.com,"Newark, Ohio",East,4
4/7/2009,36,614,1311.552,Keytronic Designer 104- Key Black Keyboard,Computer Peripherals,Technology,0.1,40.48,0.77,976.3776,TE_96,6.071999999999999,3,2,BN-11515,Bradley Nguyen,Corporate,bradley_nguyen@example.com,"Los Angeles, California",West,2
9/2/2011,30,615,1025.715,Accessory31,Telephones and Communication,Technology,0.05,35.99,0.35,323.90999999999985,TE_74,5.3985,2,1,BN-11515,Bradley Nguyen,Consumer,bradley_nguyen@example.com,"Los Angeles, California",West,2
4/14/2011,36,616,5863.752,Avanti 4.4 Cu. Ft. Refrigerator,Appliances,Office Supplies,0.1,180.98,0.57,3062.1816,OF_234,9.049,1,2,AD-10180,Alan Dominguez,Consumer,alan_dominguez@example.com,"Great Falls, Montana",West,2
2/13/2011,6,617,815.292,Bush Mission Pointe Library,Bookcases,Furniture,0.1,150.98,0.65,498.23400000000004,FU_49,15.097999999999999,2,5,AD-10180,Alan Dominguez,Small Business,alan_dominguez@example.com,"Great Falls, Montana",West,2
2/13/2011,43,618,162.1917,"Acco Pressboard Covers with Storage Hooks, 14 7/8"" x 11"", Dark Blue",Binders and Binder Accessories,Office Supplies,0.01,3.81,0.36,57.34049999999999,OF_235,0.1905,1,4,AD-10180,Alan Dominguez,Small Business,alan_dominguez@example.com,"Great Falls, Montana",West,2
7/30/2011,40,619,423.2,Ibico Covers for Plastic or Wire Binding Elements,Binders and Binder Accessories,Office Supplies,0.08,11.5,0.4,147.2,OF_154,0.5750000000000001,1,5,AD-10180,Alan Dominguez,Corporate,alan_dominguez@example.com,"Great Falls, Montana",West,2
8/10/2010,38,620,821.2027999999999,Boston KS Multi-Size Manual Pencil Sharpener,Pens & Art Supplies,Office Supplies,0.06,22.99,0.57,445.5461999999999,OF_236,1.1495,1,3,DB-13210,Dean Braden,Corporate,dean_braden@example.com,"Houston, Texas",Central,3
8/10/2010,46,621,509.542,"Hunt BOSTON® Vista® Battery-Operated Pencil Sharpener, Black",Pens & Art Supplies,Office Supplies,0.05,11.66,0.58,284.27079999999995,OF_237,0.5830000000000001,1,5,DB-13210,Dean Braden,Corporate,dean_braden@example.com,"Houston, Texas",Central,3
4/6/2009,50,622,586.0400000000001,Martin-Yale Premier Letter Opener,"Scissors, Rulers and Trimmers",Office Supplies,0.09,12.88,0.82,470.12,OF_238,0.6440000000000001,2,4,DB-13210,Dean Braden,Consumer,dean_braden@example.com,"Houston, Texas",Central,3
10/26/2010,17,623,254.5648,Recycled Premium Regency Composition Covers,Binders and Binder Accessories,Office Supplies,0.02,15.28,0.36,88.3184,OF_239,0.764,2,4,MC-17605,Matt Connell,Home Office,matt_connell@example.com,"Detroit, Michigan",Central,3
10/26/2010,40,624,11918.808,"Atlantic Metals Mobile 5-Shelf Bookcases, Custom Colors",Bookcases,Furniture,0.01,300.98,0.55,6501.168000000001,FU_86,30.098000000000003,4,4,LH-17155,Logan Haushalter,Home Office,logan_haushalter@example.com,"Los Angeles, California",West,2
5/26/2012,39,625,2341.9851,i1000,Telephones and Communication,Technology,0.09,65.99,0.58,1261.0688999999998,TE_97,9.898499999999999,3,4,LH-17155,Logan Haushalter,Home Office,logan_haushalter@example.com,"Los Angeles, California",West,2
5/26/2012,49,626,230.96639999999996,Avery 493,Labels,Office Supplies,0.04,4.91,0.36,76.98879999999994,OF_215,0.24550000000000002,2,5,BD-11605,Brian Dahlen,Home Office,brian_dahlen@example.com,"Lawrence, Massachusetts",East,4
5/26/2012,1,627,25.2525,Fellowes Super Stor/Drawer®,Storage & Organization,Office Supplies,0.09,27.75,0.67,16.095000000000002,OF_240,1.3875000000000002,2,3,PH-18790,Patricia Hirasaki,Home Office,patricia_hirasaki@example.com,"Lakeland, Florida",South,1
9/10/2012,32,628,3231.7376000000004,"Rubbermaid ClusterMat Chairmats, Mat Size- 66"" x 60"", Lip 20"" x 11"" -90 Degree Angle",Office Furnishings,Furniture,0.09,110.98,0.69,2130.8160000000003,FU_87,11.098,2,1,PH-18790,Patricia Hirasaki,Corporate,patricia_hirasaki@example.com,"Lakeland, Florida",South,1
9/10/2012,27,629,54.7398,*Staples* Letter Opener,"Scissors, Rulers and Trimmers",Office Supplies,0.07,2.18,0.81,43.556400000000004,OF_241,0.10900000000000001,1,5,MG-18145,Mike Gockenbach,Corporate,mike_gockenbach@example.com,"Philadelphia, Pennsylvania",East,4
9/10/2012,9,630,6173.9118,Canon PC1060 Personal Laser Copier,Copiers and Fax,Technology,0.02,699.99,0.41,2456.9648999999995,TE_67,104.99849999999999,3,5,MG-18145,Mike Gockenbach,Corporate,mike_gockenbach@example.com,"Philadelphia, Pennsylvania",East,4
9/10/2012,25,631,2663.7599999999998,LX 677,Telephones and Communication,Technology,0.04,110.99,0.57,1470.6174999999996,TE_98,16.6485,3,4,MG-18145,Mike Gockenbach,Corporate,mike_gockenbach@example.com,"Philadelphia, Pennsylvania",East,4
3/16/2011,31,632,100.58879999999999,Avery Hi-Liter® Fluorescent Desk Style Markers,Pens & Art Supplies,Office Supplies,0.04,3.38,0.48,46.10319999999999,OF_242,0.169,1,3,KB-16240,Karen Bern,Corporate,karen_bern@example.com,"Los Angeles, California",West,2
6/18/2011,31,633,270.94,"#10- 4 1/8"" x 9 1/2"" Recycled Envelopes",Envelopes,Office Supplies,0.0,8.74,0.38,102.9572,OF_243,0.43700000000000006,2,5,JC-15340,Jasper Cacioppo,Home Office,jasper_cacioppo@example.com,"Los Angeles, California",West,2
1/11/2011,6,634,15.512399999999996,Acco Suede Grain Vinyl Round Ring Binder,Binders and Binder Accessories,Office Supplies,0.07,2.78,0.39,5.337599999999998,OF_244,0.13899999999999998,2,4,RL-19615,Rob Lucas,Corporate,rob_lucas@example.com,"Montgomery, Alabama",South,1
1/11/2011,15,635,59.61599999999999,Eldon Image Series Black Desk Accessories,Office Furnishings,Furniture,0.04,4.14,0.49,27.944999999999997,FU_82,0.414,4,1,RL-19615,Rob Lucas,Corporate,rob_lucas@example.com,"Montgomery, Alabama",South,1
1/11/2011,19,636,116.964,Xerox 213,Paper,Office Supplies,0.05,6.48,0.37,39.39839999999998,OF_37,0.32400000000000007,1,4,AA-10375,Allen Armold,Corporate,allen_armold@example.com,"Mesa, Arizona",West,2
1/11/2011,21,637,68.1912,Newell 342,Pens & Art Supplies,Office Supplies,0.01,3.28,0.56,37.884,OF_245,0.164,1,3,EP-13915,Emily Phan,Corporate,emily_phan@example.com,"Chicago, Illinois",Central,3
3/5/2009,45,638,418.0949999999999,"Staples #10 Laser & Inkjet Envelopes, 4 1/8"" x 9 1/2"", 100/Box",Envelopes,Office Supplies,0.05,9.78,0.39,149.6339999999999,OF_246,0.489,1,5,MP-17470,Mark Packer,Corporate,mark_packer@example.com,"New York City, New York",East,4
3/5/2009,27,639,86.7888,Newell 337,Pens & Art Supplies,Office Supplies,0.02,3.28,0.56,47.8224,OF_247,0.164,1,3,DK-12985,Darren Koutras,Corporate,darren_koutras@example.com,"Henderson, Kentucky",South,1
12/14/2009,46,640,542.087,GBC Binding covers,Binders and Binder Accessories,Office Supplies,0.09,12.95,0.4,184.66700000000003,OF_96,0.6475,2,5,DK-12985,Darren Koutras,Consumer,darren_koutras@example.com,"Henderson, Kentucky",South,1
12/14/2009,8,641,199.36,GBC Standard Therm-A-Bind Covers,Binders and Binder Accessories,Office Supplies,0.0,24.92,0.39,77.75040000000001,OF_110,1.2460000000000002,1,3,BD-11500,Bradley Drucker,Consumer,bradley_drucker@example.com,"Green Bay, Wisconsin",Central,3
2/2/2009,38,642,3031.488,"Micro Innovations Micro Digital Wireless Keyboard and Mouse, Gray",Computer Peripherals,Technology,0.04,83.1,0.45,1294.6979999999999,TE_99,12.464999999999998,3,2,ES-14080,Erin Smith,Corporate,erin_smith@example.com,"Tucson, Arizona",West,2
2/2/2009,42,643,3553.6788,Eldon ClusterMat Chair Mat with Cordless Antistatic Protection,Office Furnishings,Furniture,0.07,90.98,0.74,2560.1772,FU_88,9.098,3,3,LM-17065,Liz MacKendrick,Corporate,liz_mackendrick@example.com,"Springfield, Ohio",East,4
8/26/2009,26,644,161.7408,Xerox 1985,Paper,Office Supplies,0.04,6.48,0.37,55.598399999999984,OF_248,0.32400000000000007,2,5,PG-18895,Paul Gonzalez,Corporate,paul_gonzalez@example.com,"Fort Worth, Texas",Central,3
3/6/2012,42,645,1562.0094,Zoom V.92 V.44 PCI Internal Controllerless FaxModem,Computer Peripherals,Technology,0.07,39.99,0.55,806.1983999999999,TE_100,5.9985,1,1,PG-18895,Paul Gonzalez,Corporate,paul_gonzalez@example.com,"Fort Worth, Texas",Central,3
11/19/2009,17,646,4758.4938,"Global Leather and Oak Executive Chair, Black",Chairs & Chairmats,Furniture,0.07,300.98,0.56,2507.1634000000004,FU_13,30.098000000000003,2,2,PG-18895,Paul Gonzalez,Corporate,paul_gonzalez@example.com,"Fort Worth, Texas",Central,3
11/19/2009,33,647,685.4166,"Tennsco Lockers, Sand",Storage & Organization,Office Supplies,0.01,20.98,0.61,415.404,OF_249,1.0490000000000002,2,4,AS-10135,Adrian Shami,Corporate,adrian_shami@example.com,"New York City, New York",East,4
7/24/2010,48,648,275.5584,Xerox 1920,Paper,Office Supplies,0.04,5.98,0.4,103.33440000000002,OF_250,0.29900000000000004,2,4,AS-10135,Adrian Shami,Corporate,adrian_shami@example.com,"New York City, New York",East,4
8/4/2010,9,649,44.6688,Xerox 1928,Paper,Office Supplies,0.06,5.28,0.4,16.156799999999997,OF_251,0.264,2,4,DK-13225,Dean Katz,Consumer,dean_katz@example.com,"Chicago, Illinois",Central,3
8/4/2010,44,650,767.9056,Xerox 1939,Paper,Office Supplies,0.08,18.97,0.37,242.05720000000008,OF_252,0.9485,2,4,DK-13225,Dean Katz,Consumer,dean_katz@example.com,"Chicago, Illinois",Central,3
8/4/2010,14,651,868.4283999999999,StarTAC 7760,Telephones and Communication,Technology,0.06,65.99,0.59,489.6457999999999,TE_101,9.898499999999999,3,1,DK-13225,Dean Katz,Consumer,dean_katz@example.com,"Chicago, Illinois",Central,3
3/7/2011,44,652,209.95919999999998,Magna Visual Magnetic Picture Hangers,Office Furnishings,Furniture,0.01,4.82,0.47,97.55679999999997,FU_89,0.48200000000000004,4,5,BD-11320,Bill Donatelli,Corporate,bill_donatelli@example.com,"San Francisco, California",West,2
10/20/2011,17,653,2141.83,M3682,Telephones and Communication,Technology,0.0,125.99,0.57,1220.8430999999998,TE_102,18.8985,3,1,RC-19960,Ryan Crowe,Small Business,ryan_crowe@example.com,"Jacksonville, Florida",South,1
8/4/2009,43,654,228.65680000000003,Xerox 1978,Paper,Office Supplies,0.08,5.78,0.36,69.59120000000001,OF_253,0.28900000000000003,2,4,GT-14710,Greg Tran,Consumer,greg_tran@example.com,"Houston, Texas",Central,3
4/28/2010,30,655,4060.2239999999993,"Sauder Forest Hills Library, Woodland Oak Finish",Bookcases,Furniture,0.04,140.98,0.77,3087.4619999999995,FU_53,14.097999999999999,4,4,DK-13225,Dean Katz,Corporate,dean_katz@example.com,"Anaheim, California",West,2
4/28/2010,26,656,3037.8529999999996,"Global High-Back Leather Tilter, Burgundy",Chairs & Chairmats,Furniture,0.05,122.99,0.74,2206.4406,FU_62,12.299,2,4,AJ-10945,Ashley Jarboe,Corporate,ashley_jarboe@example.com,"Wilmington, North Carolina",South,1
4/22/2009,29,657,146.44709999999998,"Wirebound Message Book, 4 per Page",Paper,Office Supplies,0.07,5.43,0.36,45.66629999999998,OF_254,0.2715,1,3,OT-18730,Olvera Toch,Consumer,olvera_toch@example.com,"Los Angeles, California",West,2
12/4/2011,44,658,1127.808,"Memorex 4.7GB DVD+RW, 3/Pack",Computer Peripherals,Technology,0.1,28.48,0.4,375.9359999999999,TE_92,4.272,2,4,OT-18730,Olvera Toch,Corporate,olvera_toch@example.com,"Los Angeles, California",West,2
8/6/2010,27,659,9023.13,Hoover WindTunnel Plus Canister Vacuum,Appliances,Office Supplies,0.08,363.25,0.57,4805.797499999999,OF_255,18.1625,2,1,OT-18730,Olvera Toch,Small Business,olvera_toch@example.com,"Los Angeles, California",West,2
8/6/2010,27,660,77.75999999999999,Newell 335,Pens & Art Supplies,Office Supplies,0.0,2.88,0.56,43.54559999999999,OF_16,0.144,2,3,LP-17080,Liz Pelletier,Small Business,liz_pelletier@example.com,"San Francisco, California",West,2
9/15/2011,18,661,845.8308,Zoom V.92 USB External Faxmodem,Computer Peripherals,Technology,0.06,49.99,0.41,314.9369999999998,TE_103,7.4985,2,3,LP-17080,Liz Pelletier,Corporate,liz_pelletier@example.com,"San Francisco, California",West,2
10/2/2009,27,662,523.5380999999999,Telescoping Adjustable Floor Lamp,Office Furnishings,Furniture,0.03,19.99,0.6,307.6460999999999,FU_52,1.9989999999999999,3,2,CA-12775,Cynthia Arntzen,Corporate,cynthia_arntzen@example.com,"Tampa, Florida",South,1
3/1/2009,8,663,304.89119999999997,"Wilson Jones Ledger-Size, Piano-Hinge Binder, 2"", Blue",Binders and Binder Accessories,Office Supplies,0.07,40.98,0.37,98.35199999999998,OF_256,2.049,1,5,CA-12775,Cynthia Arntzen,Corporate,cynthia_arntzen@example.com,"Tampa, Florida",South,1
6/24/2009,16,664,163.4304,"Eldon Expressions Punched Metal & Wood Desk Accessories, Pewter & Cherry",Office Furnishings,Furniture,0.04,10.64,0.57,90.22719999999998,FU_90,1.064,4,1,JF-15490,Jeremy Farry,Corporate,jeremy_farry@example.com,"Seattle, Washington",West,2
6/24/2009,40,665,107.86399999999999,Prang Drawing Pencil Set,Pens & Art Supplies,Office Supplies,0.03,2.78,0.45,46.70399999999999,OF_86,0.13899999999999998,2,3,JF-15490,Jeremy Farry,Corporate,jeremy_farry@example.com,"Seattle, Washington",West,2
1/16/2011,29,666,168.2174,Xerox 1992,Paper,Office Supplies,0.03,5.98,0.36,57.228599999999986,OF_257,0.29900000000000004,2,3,FP-14320,Frank Preis,Small Business,frank_preis@example.com,"Los Angeles, California",West,2
1/20/2012,38,667,884.2714,TI 36X Solar Scientific Calculator,Office Machines,Technology,0.03,23.99,0.38,319.067,TE_104,3.5984999999999996,2,5,EB-13840,Ellis Ballard,Corporate,ellis_ballard@example.com,"Seattle, Washington",West,2
1/20/2012,3,668,184.11209999999997,V 3600 Series,Telephones and Communication,Technology,0.07,65.99,0.58,100.96469999999997,TE_105,9.898499999999999,1,5,EB-13840,Ellis Ballard,Corporate,ellis_ballard@example.com,"Seattle, Washington",West,2
5/21/2010,5,669,2399.9519999999998,Sharp AL-1530CS Digital Copier,Copiers and Fax,Technology,0.04,499.99,0.36,799.9839999999997,TE_21,74.99849999999999,2,2,EB-13840,Ellis Ballard,Corporate,ellis_ballard@example.com,"Seattle, Washington",West,2
3/15/2012,3,670,272.646,Hon 4-Shelf Metal Bookcases,Bookcases,Furniture,0.1,100.98,0.6,151.47,FU_03,10.098,4,5,EB-13840,Ellis Ballard,Consumer,ellis_ballard@example.com,"Seattle, Washington",West,2
3/15/2012,8,671,400.804,"Deflect-o EconoMat Nonstudded, No Bevel Mat",Office Furnishings,Furniture,0.03,51.65,0.65,256.18399999999997,FU_91,5.165,2,3,JF-15415,Jennifer Ferguson,Consumer,jennifer_ferguson@example.com,"New York City, New York",East,4
8/7/2011,34,672,892.4184,Lock-Up Easel 'Spel-Binder',Binders and Binder Accessories,Office Supplies,0.08,28.53,0.38,291.006,OF_140,1.4265,1,3,JF-15415,Jennifer Ferguson,Corporate,jennifer_ferguson@example.com,"New York City, New York",East,4
8/7/2011,17,673,1580.8419,U.S. Robotics 56K Internet Call Modem,Computer Peripherals,Technology,0.07,99.99,0.5,730.9268999999999,TE_43,14.998499999999998,1,3,JF-15415,Jennifer Ferguson,Corporate,jennifer_ferguson@example.com,"New York City, New York",East,4
5/21/2011,18,674,369.4464,Boston 1730 StandUp Electric Pencil Sharpener,Pens & Art Supplies,Office Supplies,0.04,21.38,0.59,211.66199999999998,OF_173,1.069,2,4,JF-15415,Jennifer Ferguson,Corporate,jennifer_ferguson@example.com,"New York City, New York",East,4
5/21/2011,43,675,14224.378499999999,Bretford CR4500 Series Slim Rectangular Table,Tables,Furniture,0.05,348.21,0.66,9133.5483,FU_92,34.821,3,3,SF-20200,Sarah Foster,Corporate,sarah_foster@example.com,"Marysville, Washington",West,2
10/11/2010,24,676,1419.6144,Euro Pro Shark Stick Mini Vacuum,Appliances,Office Supplies,0.03,60.98,0.59,819.5712,OF_195,3.049,2,1,TG-21640,Trudy Glocke,Corporate,trudy_glocke@example.com,"Long Beach, California",West,2
10/11/2010,23,677,6558.689200000001,Hon 5100 Series Wood Tables,Tables,Furniture,0.02,290.98,0.67,4350.151000000001,FU_93,29.098000000000003,2,4,TG-21640,Trudy Glocke,Corporate,trudy_glocke@example.com,"Long Beach, California",West,2
12/22/2010,10,678,294.30999999999995,Belkin ErgoBoard Keyboard,Computer Peripherals,Technology,0.05,30.98,0.64,182.78199999999995,TE_106,4.647,2,1,TG-21640,Trudy Glocke,Corporate,trudy_glocke@example.com,"Long Beach, California",West,2
7/3/2009,44,679,433.78720000000004,Riverleaf Stik-Withit® Designer Note Cubes®,Paper,Office Supplies,0.02,10.06,0.39,163.77680000000004,OF_258,0.503,1,3,CS-11950,Carlos Soltero,Consumer,carlos_soltero@example.com,"Chicago, Illinois",Central,3
5/27/2009,50,680,688.6999999999999,Coloredge Poster Frame,Office Furnishings,Furniture,0.03,14.2,0.46,305.2999999999999,FU_94,1.42,3,4,CS-11950,Carlos Soltero,Corporate,carlos_soltero@example.com,"Chicago, Illinois",Central,3
6/20/2011,15,681,989.8499999999999,8860,Telephones and Communication,Technology,0.0,65.99,0.56,554.316,TE_61,9.898499999999999,2,5,CC-12145,Charles Crestani,Corporate,charles_crestani@example.com,"Los Angeles, California",West,2
8/22/2012,19,682,105.6666,Xerox 1920,Paper,Office Supplies,0.07,5.98,0.4,37.494600000000005,OF_250,0.29900000000000004,1,4,DV-13465,Dianna Vittorini,Corporate,dianna_vittorini@example.com,"Denver, Colorado",West,2
8/22/2012,46,683,2944.4737999999993,252,Telephones and Communication,Technology,0.03,65.99,0.55,1578.4807999999996,TE_55,9.898499999999999,2,5,DV-13465,Dianna Vittorini,Corporate,dianna_vittorini@example.com,"Denver, Colorado",West,2
1/26/2011,15,684,8249.85,Sharp 1540cs Digital Laser Copier,Copiers and Fax,Technology,0.0,549.99,0.35,2887.4475,TE_107,82.49849999999999,1,5,DV-13465,Dianna Vittorini,Corporate,dianna_vittorini@example.com,"Denver, Colorado",West,2
12/3/2012,24,685,1552.3536,"Holmes Replacement Filter for HEPA Air Cleaner, Very Large Room, HEPA Filter",Appliances,Office Supplies,0.06,68.81,0.41,578.0039999999997,OF_259,3.4405,2,2,DV-13465,Dianna Vittorini,Corporate,dianna_vittorini@example.com,"Denver, Colorado",West,2
9/6/2010,20,686,98.41999999999999,Wilson Jones Impact Binders,Binders and Binder Accessories,Office Supplies,0.05,5.18,0.36,32.115999999999985,OF_260,0.259,2,5,DV-13465,Dianna Vittorini,Small Business,dianna_vittorini@example.com,"Denver, Colorado",West,2
3/29/2011,6,687,2349.0684,GBC DocuBind 200 Manual Binding Machine,Binders and Binder Accessories,Office Supplies,0.07,420.98,0.35,707.2464,OF_261,21.049000000000003,2,5,BD-11725,Bruce Degenhardt,Corporate,bruce_degenhardt@example.com,"Richmond, Kentucky",South,1
3/29/2011,42,688,1115.2595999999999,"Deflect-o SuperTray Unbreakable Stackable Tray, Letter, Black",Office Furnishings,Furniture,0.09,29.18,0.42,404.43479999999977,FU_95,2.918,2,3,BD-11725,Bruce Degenhardt,Corporate,bruce_degenhardt@example.com,"Richmond, Kentucky",South,1
8/20/2010,16,689,96.192,Sanford Liquid Accent Highlighters,Pens & Art Supplies,Office Supplies,0.1,6.68,0.48,40.614399999999996,OF_262,0.334,2,5,ZC-21910,Zuschuss Carroll,Home Office,zuschuss_carroll@example.com,"Salem, Oregon",West,2
12/2/2010,36,690,7534.339199999999,Holmes Harmony HEPA Air Purifier for 17 x 20 Room,Appliances,Office Supplies,0.07,225.04,0.42,2835.503999999999,OF_263,11.252,2,3,ZC-21910,Zuschuss Carroll,Consumer,zuschuss_carroll@example.com,"Salem, Oregon",West,2
12/2/2010,21,691,59.64,SANFORD Liquid Accent Tank-Style Highlighters,Pens & Art Supplies,Office Supplies,0.0,2.84,0.54,32.205600000000004,OF_17,0.142,2,5,ZC-21910,Zuschuss Carroll,Consumer,zuschuss_carroll@example.com,"Salem, Oregon",West,2
12/2/2010,36,692,1143.3600000000001,Hon iLevel Computer Training Table,Tables,Furniture,0.0,31.76,0.65,743.1840000000002,FU_96,3.176,4,5,ZC-21910,Zuschuss Carroll,Consumer,zuschuss_carroll@example.com,"Salem, Oregon",West,2
3/26/2011,12,693,68.5776,"Eldon® 200 Class Desk Accessories, Burgundy",Office Furnishings,Furniture,0.09,6.28,0.43,25.6224,FU_97,0.6280000000000001,2,4,MS-17830,Melanie Seite,Corporate,melanie_seite@example.com,"Laredo, Texas",Central,3
12/19/2009,38,694,1440.2304,"80 Minute CD-R Spindle, 100/Pack - Staples",Computer Peripherals,Technology,0.04,39.48,0.54,750.12,TE_15,5.922,3,5,MS-17830,Melanie Seite,Consumer,melanie_seite@example.com,"Laredo, Texas",Central,3
12/19/2009,39,695,138.528,3M Hangers With Command Adhesive,Office Furnishings,Furniture,0.04,3.7,0.44,57.71999999999997,FU_98,0.37000000000000005,3,3,LR-16915,Lena Radford,Consumer,lena_radford@example.com,"San Diego, California",West,2
4/29/2011,45,696,467.40599999999995,X-Rack File for Hanging Folders,Storage & Organization,Office Supplies,0.08,11.29,0.59,259.10549999999995,OF_264,0.5645,1,3,LR-16915,Lena Radford,Home Office,lena_radford@example.com,"San Diego, California",West,2
10/24/2010,50,697,9211.53,688,Telephones and Communication,Technology,0.06,195.99,0.6,5291.73,TE_108,29.3985,2,5,LR-16915,Lena Radford,Corporate,lena_radford@example.com,"San Diego, California",West,2
10/24/2010,7,698,1138.2742,Ibico EB-19 Dual Function Manual Binding System,Binders and Binder Accessories,Office Supplies,0.06,172.99,0.39,399.6069000000001,OF_265,8.649500000000002,1,3,LR-16915,Lena Radford,Corporate,lena_radford@example.com,"San Diego, California",West,2
5/12/2010,9,699,278.82,"IBM Multi-Purpose Copy Paper, 8 1/2 x 11"", Case",Paper,Office Supplies,0.0,30.98,0.4,111.52799999999999,OF_23,1.5490000000000002,2,3,TP-21130,Theone Pippenger,Corporate,theone_pippenger@example.com,"Philadelphia, Pennsylvania",East,4
5/12/2010,34,700,652.1472,Southworth 25% Cotton Premium Laser Paper and Envelopes,Paper,Office Supplies,0.04,19.98,0.37,224.17559999999997,OF_266,0.9990000000000001,1,5,CK-12205,Chloris Kastensmidt,Corporate,chloris_kastensmidt@example.com,"Philadelphia, Pennsylvania",East,4
4/11/2010,31,701,3593.2347999999997,Timeport L7089,Telephones and Communication,Technology,0.08,125.99,0.58,1952.8449999999996,TE_11,18.8985,1,2,CK-12205,Chloris Kastensmidt,Corporate,chloris_kastensmidt@example.com,"Philadelphia, Pennsylvania",East,4
1/24/2009,30,702,6436.8,Safco Contoured Stacking Chairs,Chairs & Chairmats,Furniture,0.1,238.4,,,FU_99,23.840000000000003,3,5,CK-12205,Chloris Kastensmidt,Small Business,chloris_kastensmidt@example.com,"Philadelphia, Pennsylvania",East,4
1/24/2009,21,703,4073.7963,Canon PC-428 Personal Copier,Copiers and Fax,Technology,0.03,199.99,0.46,1805.9096999999997,TE_109,29.9985,3,3,AS-10240,Alan Shonely,Small Business,alan_shonely@example.com,"Tampa, Florida",South,1
11/17/2010,42,704,226.632,Staples Standard Envelopes,Envelopes,Office Supplies,0.05,5.68,0.38,78.72480000000002,OF_267,0.284,1,5,AS-10240,Alan Shonely,Small Business,alan_shonely@example.com,"Tampa, Florida",South,1
11/17/2010,34,705,631.7675999999999,12-1/2 Diameter Round Wall Clock,Office Furnishings,Furniture,0.07,19.98,0.49,285.3143999999999,FU_11,1.9980000000000002,3,3,AS-10240,Alan Shonely,Small Business,alan_shonely@example.com,"Tampa, Florida",South,1
9/29/2010,28,706,2317.9156000000003,Lexmark Z55se Color Inkjet Printer,Office Machines,Technology,0.09,90.97,0.38,738.6764000000003,TE_110,13.6455,3,4,AS-10240,Alan Shonely,Consumer,alan_shonely@example.com,"Tampa, Florida",South,1
8/3/2010,15,707,21.534,Binder Clips by OIC,Rubber Bands,Office Supplies,0.03,1.48,0.37,7.547999999999998,OF_268,0.074,2,4,AS-10240,Alan Shonely,Home Office,alan_shonely@example.com,"Tampa, Florida",South,1
6/13/2011,44,708,7485.332799999999,Avanti 4.4 Cu. Ft. Refrigerator,Appliances,Office Supplies,0.06,180.98,0.57,4061.191199999999,OF_234,9.049,2,2,AR-10510,Andrew Roberts,Home Office,andrew_roberts@example.com,"Philadelphia, Pennsylvania",East,4
5/5/2010,44,709,2411.2088000000003,"Fellowes Smart Surge Ten-Outlet Protector, Platinum",Appliances,Office Supplies,0.09,60.22,0.57,1271.8464000000001,OF_269,3.011,1,5,AR-10510,Andrew Roberts,Corporate,andrew_roberts@example.com,"Philadelphia, Pennsylvania",East,4
5/5/2010,21,710,3905.8047,Canon PC-428 Personal Copier,Copiers and Fax,Technology,0.07,199.99,0.46,1637.9180999999999,TE_109,29.9985,3,3,AR-10510,Andrew Roberts,Corporate,andrew_roberts@example.com,"Philadelphia, Pennsylvania",East,4
8/30/2010,1,711,10.998000000000001,Aluminum Document Frame,Office Furnishings,Furniture,0.1,12.22,0.55,5.499000000000001,FU_34,1.2220000000000002,2,3,NB-18655,Nona Balk,Corporate,nona_balk@example.com,"Dallas, Texas",Central,3
10/30/2012,16,712,86.11200000000001,Wausau Papers Astrobrights® Colored Envelopes,Envelopes,Office Supplies,0.1,5.98,0.36,24.876800000000003,OF_270,0.29900000000000004,1,4,NB-18655,Nona Balk,Consumer,nona_balk@example.com,"Dallas, Texas",Central,3
10/30/2012,33,713,190.7928,Newell 312,Pens & Art Supplies,Office Supplies,0.01,5.84,0.55,104.06880000000001,OF_163,0.292,1,5,GD-14590,Giulietta Dortch,Consumer,giulietta_dortch@example.com,"Philadelphia, Pennsylvania",East,4
7/15/2009,40,714,180.68800000000005,"Pressboard Covers with Storage Hooks, 9 1/2"" x 11"", Light Blue",Binders and Binder Accessories,Office Supplies,0.08,4.91,0.38,58.920000000000044,OF_271,0.24550000000000002,2,5,GD-14590,Giulietta Dortch,Corporate,giulietta_dortch@example.com,"Philadelphia, Pennsylvania",East,4
7/15/2009,1,715,3464.9900999999995,Canon imageCLASS 2200 Advanced Copier,Copiers and Fax,Technology,0.01,3499.99,0.37,1259.9963999999995,TE_111,524.9984999999999,3,2,CK-12595,Clytie Kelty,Corporate,clytie_kelty@example.com,"Grove City, Ohio",East,4
7/15/2009,8,716,45.3184,Newell 312,Pens & Art Supplies,Office Supplies,0.03,5.84,0.55,24.2944,OF_163,0.292,2,3,CK-12595,Clytie Kelty,Corporate,clytie_kelty@example.com,"Grove City, Ohio",East,4
8/7/2012,45,717,24298.218,"Chromcraft Bull-Nose Wood 48"" x 96"" Rectangular Conference Tables",Tables,Furniture,0.02,550.98,0.8,19339.398,FU_100,55.098000000000006,2,5,NG-18355,Nat Gilpin,Small Business,nat_gilpin@example.com,"New York City, New York",East,4
2/1/2009,37,718,1571.7081999999998,"Verbatim DVD-RAM, 9.4GB, Rewritable, Type 1, DS, DataLife Plus",Computer Peripherals,Technology,0.06,45.19,0.55,819.2946999999999,TE_60,6.778499999999999,3,1,NG-18355,Nat Gilpin,Corporate,nat_gilpin@example.com,"New York City, New York",East,4
7/7/2012,15,719,655.3575,KF 788,Telephones and Communication,Technology,0.05,45.99,0.56,351.82349999999997,TE_112,6.8985,3,1,NG-18355,Nat Gilpin,Corporate,nat_gilpin@example.com,"New York City, New York",East,4
3/27/2009,41,720,312.94479999999993,"Imation Neon Mac Format Diskettes, 10/Pack",Computer Peripherals,Technology,0.06,8.12,0.77,236.37319999999994,TE_113,1.2179999999999997,3,1,NG-18355,Nat Gilpin,Corporate,nat_gilpin@example.com,"New York City, New York",East,4
3/27/2009,49,721,2404.3075,"Deflect-o EconoMat Nonstudded, No Bevel Mat",Office Furnishings,Furniture,0.05,51.65,0.65,1518.51,FU_91,5.165,3,4,NG-18355,Nat Gilpin,Corporate,nat_gilpin@example.com,"New York City, New York",East,4
3/27/2009,2,722,13.2264,Sanford Liquid Accent Highlighters,Pens & Art Supplies,Office Supplies,0.01,6.68,0.48,6.2792,OF_262,0.334,1,4,CA-12265,Christina Anderson,Corporate,christina_anderson@example.com,"Chicago, Illinois",Central,3
3/27/2009,39,723,6177.249000000001,2180,Telephones and Communication,Technology,0.1,175.99,0.57,3225.8967000000002,TE_114,26.398500000000002,1,3,SF-20965,Sylvia Foulston,Corporate,sylvia_foulston@example.com,"Dearborn, Michigan",Central,3
9/23/2010,23,724,10579.788400000001,Sharp AL-1530CS Digital Copier,Copiers and Fax,Technology,0.08,499.99,0.36,3219.9356000000007,TE_21,74.99849999999999,2,3,SF-20965,Sylvia Foulston,Corporate,sylvia_foulston@example.com,"Dearborn, Michigan",Central,3
3/28/2011,1,725,21.340799999999998,"Executive Impressions 14"" Contract Wall Clock",Office Furnishings,Furniture,0.04,22.23,0.52,10.670399999999999,FU_101,2.2230000000000003,2,3,SF-20965,Sylvia Foulston,Corporate,sylvia_foulston@example.com,"Dearborn, Michigan",Central,3
7/1/2009,27,726,121.5324,*Staples* Highlighting Markers,Pens & Art Supplies,Office Supplies,0.07,4.84,0.52,58.806,OF_272,0.242,2,3,SF-20965,Sylvia Foulston,Small Business,sylvia_foulston@example.com,"Dearborn, Michigan",Central,3
12/11/2010,28,727,541.632,Boston 19500 Mighty Mite Electric Pencil Sharpener,Pens & Art Supplies,Office Supplies,0.04,20.15,0.58,304.6679999999999,OF_273,1.0075,2,4,MO-17800,Meg O'Connel,Consumer,meg_o'connel@example.com,"New York City, New York",East,4
9/16/2009,44,728,273.71520000000004,Xerox 1995,Paper,Office Supplies,0.04,6.48,0.37,94.08960000000002,OF_274,0.32400000000000007,2,4,AT-10735,Annie Thurman,Home Office,annie_thurman@example.com,"Seattle, Washington",West,2
2/4/2011,49,729,158.6816,Self-Adhesive Ring Binder Labels,Binders and Binder Accessories,Office Supplies,0.08,3.52,0.38,51.744000000000014,OF_275,0.17600000000000002,2,5,LC-17140,Logan Currie,Consumer,logan_currie@example.com,"San Francisco, California",West,2
9/11/2010,29,730,1912.0975999999998,Catalog Binders with Expanding Posts,Binders and Binder Accessories,Office Supplies,0.02,67.28,0.4,741.4255999999998,OF_276,3.3640000000000003,2,5,LC-17140,Logan Currie,Small Business,logan_currie@example.com,"San Francisco, California",West,2
3/2/2010,10,731,28.322000000000003,*Staples* Packaging Labels,Labels,Office Supplies,0.02,2.89,0.38,10.404000000000003,OF_277,0.14450000000000002,2,5,FM-14380,Fred McMath,Corporate,fred_mcmath@example.com,"Aurora, Colorado",West,2
3/2/2010,35,732,1330.5040000000001,"Deflect-o EconoMat Studded, No Bevel Mat for Low Pile Carpeting",Office Furnishings,Furniture,0.08,41.32,0.76,983.4160000000002,FU_102,4.132000000000001,4,5,FM-14380,Fred McMath,Corporate,fred_mcmath@example.com,"Aurora, Colorado",West,2
3/2/2010,13,733,109.36899999999999,"Recycled Desk Saver Line ""While You Were Out"" Book, 5 1/2"" X 4""",Paper,Office Supplies,0.06,8.95,0.39,38.3955,OF_278,0.4475,2,3,FM-14380,Fred McMath,Corporate,fred_mcmath@example.com,"Aurora, Colorado",West,2
9/15/2009,2,734,25.0978,9-3/4 Diameter Round Wall Clock,Office Furnishings,Furniture,0.09,13.79,0.43,9.377199999999998,FU_103,1.379,3,2,BD-11605,Brian Dahlen,Consumer,brian_dahlen@example.com,"Miami, Florida",South,1
12/30/2010,13,735,1260.2304,Logitech Cordless Elite Duo,Computer Peripherals,Technology,0.04,100.98,0.4,472.5863999999999,TE_115,15.147,3,1,BD-11605,Brian Dahlen,Small Business,brian_dahlen@example.com,"Miami, Florida",South,1
12/30/2010,25,736,147.42000000000002,Xerox 220,Paper,Office Supplies,0.09,6.48,0.37,45.36,OF_279,0.32400000000000007,2,4,DJ-13420,Denny Joy,Small Business,denny_joy@example.com,"Warner Robins, Georgia",South,1
7/25/2011,9,737,817.9380000000001,Logitech Cordless Elite Duo,Computer Peripherals,Technology,0.1,100.98,0.4,272.6460000000001,TE_115,15.147,3,5,ME-17725,Max Engle,Home Office,max_engle@example.com,"Aurora, Colorado",West,2
12/23/2009,38,738,22799.62,Canon Image Class D660 Copier,Copiers and Fax,Technology,0.0,599.99,0.44,10031.832799999996,TE_116,89.99849999999999,3,3,ME-17725,Max Engle,Corporate,max_engle@example.com,"Aurora, Colorado",West,2
10/31/2012,8,739,20.384,12 Colored Short Pencils,Pens & Art Supplies,Office Supplies,0.02,2.6,0.58,11.648,OF_150,0.13,1,5,RB-19465,Rick Bensley,Corporate,rick_bensley@example.com,"Vallejo, California",West,2
12/22/2009,31,740,591.8458,Avery Legal 4-Ring Binder,Binders and Binder Accessories,Office Supplies,0.09,20.98,0.35,169.09880000000004,OF_280,1.0490000000000002,1,4,RB-19465,Rick Bensley,Corporate,rick_bensley@example.com,"Vallejo, California",West,2
4/14/2012,4,741,12.8064,Hoover® Commercial Lightweight Upright Vacuum,Appliances,Office Supplies,0.08,3.48,0.59,7.0992,OF_281,0.17400000000000002,2,2,JD-16150,Justin Deggeller,Corporate,justin_deggeller@example.com,"Minneapolis, Minnesota",Central,3
5/13/2011,42,742,145.6812,Colored Envelopes,Envelopes,Office Supplies,0.06,3.69,0.39,51.143399999999986,OF_282,0.1845,2,5,JL-15835,John Lee,Corporate,john_lee@example.com,"Mission Viejo, California",West,2
5/13/2011,36,743,140.21280000000002,Xerox 1953,Paper,Office Supplies,0.09,4.28,0.4,47.76480000000001,OF_283,0.21400000000000002,1,5,JL-15835,John Lee,Corporate,john_lee@example.com,"Mission Viejo, California",West,2
12/7/2011,19,744,7518.7028,GBC DocuBind 200 Manual Binding Machine,Binders and Binder Accessories,Office Supplies,0.06,420.98,0.35,2319.5998,OF_261,21.049000000000003,1,3,SC-20305,Sean Christensen,Home Office,sean_christensen@example.com,"Rochester Hills, Michigan",Central,3
12/7/2011,50,745,1191.6000000000001,DAX Natural Wood-Tone Poster Frame,Office Furnishings,Furniture,0.1,26.48,0.49,516.3600000000001,FU_104,2.648,2,2,TW-21025,Tamara Willingham,Home Office,tamara_willingham@example.com,"Plainfield, New Jersey",East,4
12/4/2010,18,746,96.10559999999998,Staples Standard Envelopes,Envelopes,Office Supplies,0.06,5.68,0.38,32.716799999999985,OF_267,0.284,2,4,CC-12430,Chuck Clark,Corporate,chuck_clark@example.com,"Columbus, Indiana",Central,3
11/24/2009,26,747,366.84439999999995,"GBC Prepunched Paper, 19-Hole, for Binding Systems, 24-lb",Binders and Binder Accessories,Office Supplies,0.06,15.01,0.39,128.78579999999994,OF_176,0.7505000000000001,1,5,BB-10990,Barry Blumstein,Small Business,barry_blumstein@example.com,"Sierra Vista, Arizona",West,2
11/24/2009,14,748,515.7152,Keytronic Designer 104- Key Black Keyboard,Computer Peripherals,Technology,0.09,40.48,0.77,385.3696,TE_96,6.071999999999999,1,2,BB-10990,Barry Blumstein,Small Business,barry_blumstein@example.com,"Sierra Vista, Arizona",West,2
11/24/2009,1,749,11.665999999999999,Recycled Eldon Regeneration Jumbo File,Storage & Organization,Office Supplies,0.05,12.28,0.57,6.385599999999998,OF_95,0.614,2,5,AR-10825,Anthony Rawles,Small Business,anthony_rawles@example.com,"Vancouver, Washington",West,2
9/13/2011,32,750,274.704,GBC Standard Plastic Binding Systems Combs,Binders and Binder Accessories,Office Supplies,0.03,8.85,0.36,93.45600000000002,OF_103,0.4425,1,5,AR-10825,Anthony Rawles,Corporate,anthony_rawles@example.com,"Vancouver, Washington",West,2
9/13/2011,18,751,1897.758,Office Star Flex Back Scooter Chair with White Frame,Chairs & Chairmats,Furniture,0.05,110.98,0.71,1318.4424,FU_105,11.098,3,5,AR-10825,Anthony Rawles,Corporate,anthony_rawles@example.com,"Vancouver, Washington",West,2
12/3/2010,24,752,2289.924,Xerox 1941,Paper,Office Supplies,0.09,104.85,0.37,704.5920000000001,OF_284,5.2425,1,5,SR-20740,Steven Roelle,Consumer,steven_roelle@example.com,"New York City, New York",East,4
12/18/2011,36,753,1725.1631999999997,"Global Deluxe Stacking Chair, Gray",Chairs & Chairmats,Furniture,0.06,50.98,0.56,917.6399999999999,FU_64,5.098,4,3,AR-10405,Allen Rosenblatt,Corporate,allen_rosenblatt@example.com,"New York City, New York",East,4
12/18/2011,35,754,510.3,DAX Clear Channel Poster Frame,Office Furnishings,Furniture,0.0,14.58,0.48,244.94400000000002,FU_106,1.4580000000000002,2,4,AR-10405,Allen Rosenblatt,Corporate,allen_rosenblatt@example.com,"New York City, New York",East,4
12/18/2011,18,755,777.9816,Tenex B1-RE Series Chair Mats for Low Pile Carpets,Office Furnishings,Furniture,0.06,45.98,0.68,513.1368,FU_107,4.598,2,5,CR-12730,Craig Reiter,Corporate,craig_reiter@example.com,"Columbus, Ohio",East,4
8/9/2012,44,756,852.7464,Belkin 105-Key Black Keyboard,Computer Peripherals,Technology,0.03,19.98,0.68,571.428,TE_117,2.997,1,2,CR-12730,Craig Reiter,Home Office,craig_reiter@example.com,"Columbus, Ohio",East,4
8/9/2012,41,757,422.7838,Micro Innovations 104 Keyboard,Computer Peripherals,Technology,0.06,10.97,0.64,260.86659999999995,TE_51,1.6455,2,2,CR-12730,Craig Reiter,Home Office,craig_reiter@example.com,"Columbus, Ohio",East,4
8/24/2010,31,758,326.76480000000004,GBC Imprintable Covers,Binders and Binder Accessories,Office Supplies,0.04,10.98,0.36,108.92160000000001,OF_285,0.549,1,3,EH-14125,Eugene Hildebrand,Corporate,eugene_hildebrand@example.com,"Aurora, Illinois",Central,3
5/22/2011,46,759,610.4706,"GBC Laser Imprintable Binding System Covers, Desert Sand",Binders and Binder Accessories,Office Supplies,0.07,14.27,0.38,203.49019999999996,OF_286,0.7135,2,5,EH-14125,Eugene Hildebrand,Corporate,eugene_hildebrand@example.com,"Aurora, Illinois",Central,3
5/22/2011,46,760,392.886,"Sharp EL501VB Scientific Calculator, Battery Operated, 10-Digit Display, Hard Case",Office Machines,Technology,0.1,9.49,0.39,126.59660000000002,TE_118,1.4235,3,3,CB-12025,Cassandra Brandow,Corporate,cassandra_brandow@example.com,"Arlington, Texas",Central,3
11/18/2012,43,761,9313.8,Hon Multipurpose Stacking Arm Chairs,Chairs & Chairmats,Furniture,0.0,216.6,0.59,5495.142,FU_45,21.66,4,3,CB-12025,Cassandra Brandow,Small Business,cassandra_brandow@example.com,"Arlington, Texas",Central,3
6/28/2012,39,762,806.2821,"Executive Impressions 14""",Office Furnishings,Furniture,0.07,22.23,0.41,294.7697999999999,FU_108,2.2230000000000003,2,1,CB-12025,Cassandra Brandow,Consumer,cassandra_brandow@example.com,"Arlington, Texas",Central,3
6/28/2012,38,763,1978.6865999999998,Accessory2,Telephones and Communication,Technology,0.07,55.99,0.55,1021.2575999999998,TE_119,8.3985,1,1,CB-12025,Cassandra Brandow,Consumer,cassandra_brandow@example.com,"Arlington, Texas",Central,3
2/4/2009,50,764,1389.885,"Verbatim DVD-RAM, 5.2GB, Rewritable, Type 1, DS",Computer Peripherals,Technology,0.07,29.89,0.5,642.635,TE_95,4.4835,3,3,SP-20545,Sibella Parks,Corporate,sibella_parks@example.com,"New York City, New York",East,4
2/4/2009,20,765,161.796,Southworth 25% Cotton Antique Laid Paper & Envelopes,Paper,Office Supplies,0.03,8.34,0.4,61.71600000000001,OF_287,0.41700000000000004,2,3,RC-19825,Roy Collins,Corporate,roy_collins@example.com,"Louisville, Kentucky",South,1
12/25/2009,38,766,4683.3138,Bevis 36 x 72 Conference Tables,Tables,Furniture,0.01,124.49,0.63,2932.9844000000003,FU_65,12.449,2,3,TH-21235,Tiffany House,Small Business,tiffany_house@example.com,"Dallas, Texas",Central,3
9/26/2011,47,767,939.0600000000001,Xerox 1936,Paper,Office Supplies,0.0,19.98,0.38,356.8428,OF_44,0.9990000000000001,1,5,TH-21235,Tiffany House,Corporate,tiffany_house@example.com,"Dallas, Texas",Central,3
9/22/2011,38,768,299.25,"Eldon® 400 Class Desk Accessories, Black Carbon",Office Furnishings,Furniture,0.1,8.75,0.43,109.72499999999997,FU_109,0.875,4,3,TH-21235,Tiffany House,Corporate,tiffany_house@example.com,"Dallas, Texas",Central,3
9/22/2011,24,769,127.76400000000001,"Dixon My First Ticonderoga Pencil, #2",Pens & Art Supplies,Office Supplies,0.09,5.85,0.56,65.98800000000003,OF_188,0.2925,1,5,RP-19390,Resi PÃ¶lking,Corporate,resi_pã¶lking@example.com,"Cleveland, Ohio",East,4
2/15/2009,23,770,84.77799999999999,Durable Pressboard Binders,Binders and Binder Accessories,Office Supplies,0.03,3.8,0.38,30.589999999999996,OF_92,0.19,2,3,MO-17800,Meg O'Connel,Consumer,meg_o'connel@example.com,"Chicago, Illinois",Central,3
2/15/2009,20,771,148.428,"Adams Telephone Message Book w/Frequently-Called Numbers Space, 400 Messages per Book",Paper,Office Supplies,0.07,7.98,0.35,44.68799999999999,OF_288,0.399,2,3,MO-17800,Meg O'Connel,Consumer,meg_o'connel@example.com,"Chicago, Illinois",Central,3
2/15/2009,46,772,17856.372,Bretford Just In Time Height-Adjustable Multi-Task Work Tables,Tables,Furniture,0.07,417.4,0.79,13824.288,FU_110,41.74,3,3,MO-17800,Meg O'Connel,Consumer,meg_o'connel@example.com,"Chicago, Illinois",Central,3
10/11/2009,3,773,21.6216,"Array® Parchment Paper, Assorted Colors",Paper,Office Supplies,0.01,7.28,0.37,7.862400000000001,OF_289,0.36400000000000005,1,5,TD-20995,Tamara Dahlen,Corporate,tamara_dahlen@example.com,"Quincy, Illinois",Central,3
3/10/2011,30,774,164.241,Avery Durable Poly Binders,Binders and Binder Accessories,Office Supplies,0.01,5.53,0.39,63.042000000000016,OF_290,0.2765,2,5,RB-19570,Rob Beeghly,Corporate,rob_beeghly@example.com,"Columbus, Indiana",Central,3
8/11/2012,5,775,52.866,Dana Swing-Arm Lamps,Office Furnishings,Furniture,0.01,10.68,0.6,31.506,FU_111,1.068,4,1,RB-19570,Rob Beeghly,Corporate,rob_beeghly@example.com,"Columbus, Indiana",Central,3
8/11/2012,25,776,2608.03,"Rubbermaid ClusterMat Chairmats, Mat Size- 66"" x 60"", Lip 20"" x 11"" -90 Degree Angle",Office Furnishings,Furniture,0.06,110.98,0.69,1747.935,FU_87,11.098,4,3,RB-19570,Rob Beeghly,Corporate,rob_beeghly@example.com,"Columbus, Indiana",Central,3
8/11/2012,50,777,5140.03,"Tenex 46"" x 60"" Computer Anti-Static Chairmat, Rectangular Shaped",Office Furnishings,Furniture,0.03,105.98,0.65,3285.38,FU_33,10.598,4,2,CD-11980,Carol Darley,Corporate,carol_darley@example.com,"Tyler, Texas",Central,3
8/11/2012,37,778,227.3872,HP Office Paper (20Lb. and 87 Bright),Paper,Office Supplies,0.08,6.68,0.37,71.6764,OF_144,0.334,1,5,CD-11980,Carol Darley,Corporate,carol_darley@example.com,"Tyler, Texas",Central,3
12/25/2009,8,779,360.1152,Bionaire Personal Warm Mist Humidifier/Vaporizer,Appliances,Office Supplies,0.04,46.89,0.46,157.5504,OF_127,2.3445,1,4,CD-11980,Carol Darley,Small Business,carol_darley@example.com,"Tyler, Texas",Central,3
6/29/2012,31,780,3710.4054999999994,270c,Telephones and Communication,Technology,0.05,125.99,0.59,2109.0725999999995,TE_120,18.8985,3,2,CD-11980,Carol Darley,Small Business,carol_darley@example.com,"Tyler, Texas",Central,3
6/29/2012,24,781,4703.76,T28 WORLD,Telephones and Communication,Technology,0.0,195.99,0.6,2822.256,TE_121,29.3985,3,4,DJ-13630,Doug Jacobs,Small Business,doug_jacobs@example.com,"New York City, New York",East,4
1/18/2009,47,782,665.802,"#10-4 1/8"" x 9 1/2"" Premium Diagonal Seam Envelopes",Envelopes,Office Supplies,0.1,15.74,0.4,221.93400000000008,OF_12,0.787,1,5,DJ-13630,Doug Jacobs,Corporate,doug_jacobs@example.com,"New York City, New York",East,4
5/20/2012,49,783,9027.2994,CF 888,Telephones and Communication,Technology,0.06,195.99,0.59,5089.8603,TE_44,29.3985,2,5,DJ-13630,Doug Jacobs,Corporate,doug_jacobs@example.com,"New York City, New York",East,4
3/19/2009,11,784,246.708,GBC Standard Therm-A-Bind Covers,Binders and Binder Accessories,Office Supplies,0.1,24.92,0.39,79.4948,OF_110,1.2460000000000002,2,4,GT-14635,Grant Thornton,Home Office,grant_thornton@example.com,"Burlington, North Carolina",South,1
3/19/2009,9,785,2292.4062,Epson LQ-570e Dot Matrix Printer,Office Machines,Technology,0.06,270.97,0.56,1219.365,TE_57,40.645500000000006,2,4,GT-14635,Grant Thornton,Home Office,grant_thornton@example.com,"Burlington, North Carolina",South,1
3/19/2009,29,786,356.12,Staples Premium Bright 1-Part Blank Computer Paper,Paper,Office Supplies,0.0,12.28,0.38,135.3256,OF_291,0.614,1,4,MC-17845,Michael Chen,Home Office,michael_chen@example.com,"Jackson, Mississippi",South,1
9/5/2009,11,787,4863.54,Okidata ML390 Turbo Dot Matrix Printers,Office Machines,Technology,0.0,442.14,0.56,2723.5824000000002,TE_78,66.321,2,1,MC-17845,Michael Chen,Corporate,michael_chen@example.com,"Jackson, Mississippi",South,1
11/3/2009,7,788,496.86,"Hon Metal Bookcases, Black",Bookcases,Furniture,0.0,70.98,0.6,298.116,FU_112,7.098000000000001,3,4,MC-17845,Michael Chen,Corporate,michael_chen@example.com,"Jackson, Mississippi",South,1
3/26/2011,18,789,3600.405,"24 Capacity Maxi Data Binder Racks, Pearl",Storage & Organization,Office Supplies,0.05,210.55,0.6,2084.4449999999997,OF_292,10.527500000000002,2,4,RA-19285,Ralph Arnett,Corporate,ralph_arnett@example.com,"New York City, New York",East,4
3/26/2011,10,790,1752.48,"Lesro Round Back Collection Coffee Table, End Table",Tables,Furniture,0.04,182.55,0.72,1241.34,FU_76,18.255000000000003,4,4,NP-18325,Naresj Patel,Corporate,naresj_patel@example.com,"Waynesboro, Virginia",South,1
2/10/2012,20,791,633.2159999999999,PC Concepts 116 Key Quantum 3000 Keyboard,Computer Peripherals,Technology,0.04,32.98,0.75,468.3159999999999,TE_64,4.946999999999999,1,5,NP-18325,Naresj Patel,Corporate,naresj_patel@example.com,"Waynesboro, Virginia",South,1
5/6/2009,37,792,1516.26,"Wilson Jones Ledger-Size, Piano-Hinge Binder, 2"", Blue",Binders and Binder Accessories,Office Supplies,0.0,40.98,0.37,561.0162,OF_256,2.049,1,5,NP-18325,Naresj Patel,Small Business,naresj_patel@example.com,"Waynesboro, Virginia",South,1
5/6/2009,2,793,818.1039999999999,Bretford Just In Time Height-Adjustable Multi-Task Work Tables,Tables,Furniture,0.02,417.4,0.79,642.7959999999999,FU_110,41.74,3,4,AB-10165,Alan Barnes,Small Business,alan_barnes@example.com,"Los Angeles, California",West,2
11/23/2010,43,794,1454.7158,Accessory17,Telephones and Communication,Technology,0.06,35.99,0.82,1176.1531999999997,TE_122,5.3985,1,3,AB-10165,Alan Barnes,Small Business,alan_barnes@example.com,"Los Angeles, California",West,2
2/10/2011,43,795,799.4001,Telescoping Adjustable Floor Lamp,Office Furnishings,Furniture,0.07,19.99,0.6,455.5721,FU_52,1.9989999999999999,2,2,JO-15550,Jesus Ocampo,Corporate,jesus_ocampo@example.com,"Chester, Pennsylvania",East,4
3/29/2010,34,796,227.12,Xerox 1898,Paper,Office Supplies,0.0,6.68,0.37,84.0344,OF_293,0.334,2,3,JO-15550,Jesus Ocampo,Corporate,jesus_ocampo@example.com,"Chester, Pennsylvania",East,4
3/29/2010,47,797,3848.2848,"Barricks Non-Folding Utility Table with Steel Legs, Laminate Tops",Tables,Furniture,0.04,85.29,0.56,2084.4876,FU_113,8.529000000000002,3,3,JO-15550,Jesus Ocampo,Corporate,jesus_ocampo@example.com,"Chester, Pennsylvania",East,4
9/5/2012,13,798,53.69,ACCOHIDE® Binder by Acco,Binders and Binder Accessories,Office Supplies,0.0,4.13,0.38,20.4022,OF_294,0.20650000000000002,2,3,JO-15550,Jesus Ocampo,Consumer,jesus_ocampo@example.com,"Chester, Pennsylvania",East,4
9/5/2012,36,799,1324.836,Eldon Executive Woodline II Cherry Finish Desk Accessories,Office Furnishings,Furniture,0.1,40.89,0.57,691.8588,FU_114,4.089,2,3,JO-15550,Jesus Ocampo,Consumer,jesus_ocampo@example.com,"Chester, Pennsylvania",East,4
1/31/2011,21,800,808.9451999999999,Belkin 8 Outlet Surge Protector,Appliances,Office Supplies,0.06,40.98,0.57,438.89579999999984,OF_295,2.049,2,5,JO-15550,Jesus Ocampo,Corporate,jesus_ocampo@example.com,"Chester, Pennsylvania",East,4
1/31/2011,30,801,666.9,"Executive Impressions 14"" Contract Wall Clock",Office Furnishings,Furniture,0.0,22.23,0.52,346.788,FU_101,2.2230000000000003,4,3,JO-15550,Jesus Ocampo,Corporate,jesus_ocampo@example.com,"Chester, Pennsylvania",East,4
8/7/2009,44,802,599.5088000000001,"Holmes Replacement Filter for HEPA Air Cleaner, Large Room",Appliances,Office Supplies,0.08,14.81,0.43,228.074,OF_296,0.7405,2,3,Dl-13600,Dorris liebe,Corporate,dorris_liebe@example.com,"Cleveland, Ohio",East,4
5/5/2012,32,803,3039.696,Bevis Steel Folding Chairs,Chairs & Chairmats,Furniture,0.01,95.95,0.57,1719.4239999999998,FU_05,9.595,4,5,AS-10285,Alejandro Savely,Corporate,alejandro_savely@example.com,"Seattle, Washington",West,2
5/5/2012,27,804,7638.8724,"Global Leather and Oak Executive Chair, Black",Chairs & Chairmats,Furniture,0.06,300.98,0.56,4063.2300000000005,FU_13,30.098000000000003,4,4,JK-15370,Jay Kimmel,Corporate,jay_kimmel@example.com,"Long Beach, California",West,2
5/5/2012,36,805,1283.8895999999997,"Snap-A-Way® Black Print Carbonless Ruled Speed Letter, Triplicate",Paper,Office Supplies,0.06,37.94,0.38,437.0687999999998,OF_297,1.897,2,5,BN-11470,Brad Norvell,Corporate,brad_norvell@example.com,"Cary, North Carolina",South,1
5/5/2012,28,806,4206.762,Fellowes Super Stor/Drawer® Files,Storage & Organization,Office Supplies,0.07,161.55,0.66,2668.8059999999996,OF_298,8.0775,1,5,BN-11470,Brad Norvell,Corporate,brad_norvell@example.com,"Cary, North Carolina",South,1
11/10/2009,13,807,1021.1578000000001,Logitech Cordless Navigator Duo,Computer Peripherals,Technology,0.03,80.98,0.48,473.73300000000006,TE_123,12.147,2,4,BN-11470,Brad Norvell,Consumer,brad_norvell@example.com,"Cary, North Carolina",South,1
11/10/2009,25,808,328.765,Sharp EL500L Fraction Calculator,Office Machines,Technology,0.06,13.99,0.39,115.41750000000002,TE_124,2.0985,2,1,DP-13165,David Philippe,Consumer,david_philippe@example.com,"New York City, New York",East,4
11/10/2009,4,809,56.550399999999996,White GlueTop Scratch Pads,Paper,Office Supplies,0.06,15.04,0.39,19.852800000000002,OF_299,0.752,2,5,DP-13165,David Philippe,Consumer,david_philippe@example.com,"New York City, New York",East,4
6/14/2010,14,810,1853.586,"Fellowes Strictly Business® Drawer File, Letter/Legal Size",Storage & Organization,Office Supplies,0.06,140.85,0.73,1321.173,OF_228,7.0425,2,3,DP-13165,David Philippe,Corporate,david_philippe@example.com,"New York City, New York",East,4
1/7/2012,24,811,103.8312,"Eureka Sanitaire ® Multi-Pro Heavy-Duty Upright, Disposable Bags",Appliances,Office Supplies,0.01,4.37,0.59,60.8304,OF_300,0.21850000000000003,1,5,TH-21550,Tracy Hopkins,Corporate,tracy_hopkins@example.com,"New York City, New York",East,4
1/7/2012,39,812,188.3934,Cardinal Holdit Business Card Pockets,Binders and Binder Accessories,Office Supplies,0.03,4.98,0.37,66.0348,OF_301,0.24900000000000003,2,4,AP-10915,Arthur Prichep,Corporate,arthur_prichep@example.com,"Palm Coast, Florida",South,1
12/19/2010,15,813,764.2635,Accessory36,Telephones and Communication,Technology,0.09,55.99,0.83,621.489,TE_26,8.3985,3,2,RS-19765,Roland Schwarz,Corporate,roland_schwarz@example.com,"Mount Vernon, New York",East,4
11/29/2012,36,814,2351.8835999999997,T193,Telephones and Communication,Technology,0.01,65.99,0.57,1330.3583999999996,TE_125,9.898499999999999,3,1,RS-19765,Roland Schwarz,Corporate,roland_schwarz@example.com,"Mount Vernon, New York",East,4
11/29/2012,16,815,203.6944,Sharp EL500L Fraction Calculator,Office Machines,Technology,0.09,13.99,0.39,67.15200000000002,TE_124,2.0985,1,5,RS-19765,Roland Schwarz,Corporate,roland_schwarz@example.com,"Mount Vernon, New York",East,4
11/29/2012,38,816,734.274,Tennsco Commercial Shelving,Storage & Organization,Office Supplies,0.05,20.34,0.84,610.6068,OF_302,1.0170000000000001,2,4,Dl-13600,Dorris liebe,Corporate,dorris_liebe@example.com,"Seattle, Washington",West,2
4/18/2009,36,817,5278.701599999999,T39m,Telephones and Communication,Technology,0.06,155.99,0.55,2751.6635999999994,TE_27,23.398500000000002,3,5,SV-20365,Seth Vernon,Corporate,seth_vernon@example.com,"Dover, Delaware",East,4
9/24/2009,22,818,1076.02,Tennsco Industrial Shelving,Storage & Organization,Office Supplies,0.0,48.91,0.83,893.0966,OF_165,2.4455,1,3,KC-16540,Kelly Collister,Corporate,kelly_collister@example.com,"Newark, Ohio",East,4
3/11/2011,16,819,1501.2432,Office Star Flex Back Scooter Chair with Aluminum Finish Frame,Chairs & Chairmats,Furniture,0.07,100.89,0.61,871.6895999999998,FU_115,10.089,3,4,CK-12325,Christine Kargatis,Consumer,christine_kargatis@example.com,"Orem, Utah",West,2
12/13/2010,13,820,45.57149999999999,Colored Envelopes,Envelopes,Office Supplies,0.05,3.69,0.39,16.309799999999992,OF_282,0.1845,1,5,CK-12325,Christine Kargatis,Small Business,christine_kargatis@example.com,"Orem, Utah",West,2
1/21/2012,48,821,1658.4192000000003,Accessory13,Telephones and Communication,Technology,0.04,35.99,0.57,915.5856000000001,TE_126,5.3985,2,5,RD-19810,Ross DeVincentis,Corporate,ross_devincentis@example.com,"Los Angeles, California",West,2
1/6/2012,46,822,1396.5783999999999,Xerox 197,Paper,Office Supplies,0.02,30.98,0.4,541.5303999999999,OF_216,1.5490000000000002,2,4,MP-17965,Michael Paige,Home Office,michael_paige@example.com,"Detroit, Michigan",Central,3
1/6/2012,42,823,13601.082599999998,Bretford CR4500 Series Slim Rectangular Table,Tables,Furniture,0.07,348.21,0.62,8043.650999999998,FU_92,34.821,2,4,MP-17965,Michael Paige,Home Office,michael_paige@example.com,"Detroit, Michigan",Central,3
12/10/2009,42,824,244.94400000000002,Xerox 1976,Paper,Office Supplies,0.1,6.48,0.37,73.48319999999998,OF_303,0.32400000000000007,2,5,MR-17545,Mathew Reese,Small Business,mathew_reese@example.com,"Philadelphia, Pennsylvania",East,4
2/12/2010,17,825,4346.7606000000005,Hon 2090 Pillow Soft Series Mid Back Swivel/Tilt Chairs,Chairs & Chairmats,Furniture,0.09,280.98,0.78,3295.8954000000003,FU_116,28.098000000000003,3,4,SC-20695,Steve Chapman,Corporate,steve_chapman@example.com,"Hialeah, Florida",South,1
2/12/2010,42,826,415.3842,Hammermill Color Copier Paper (28Lb. and 96 Bright),Paper,Office Supplies,0.01,9.99,0.4,163.63620000000003,OF_304,0.49950000000000006,2,4,JF-15355,Jay Fein,Corporate,jay_fein@example.com,"Austin, Texas",Central,3
6/26/2009,10,827,145.59699999999998,"GBC Prepunched Paper, 19-Hole, for Binding Systems, 24-lb",Binders and Binder Accessories,Office Supplies,0.03,15.01,0.39,54.03599999999997,OF_176,0.7505000000000001,2,3,JF-15355,Jay Fein,Corporate,jay_fein@example.com,"Austin, Texas",Central,3
2/8/2011,50,828,328.32,"Acme Design Line 8"" Stainless Steel Bent Scissors w/Champagne Handles, 3-1/8"" Cut","Scissors, Rulers and Trimmers",Office Supplies,0.04,6.84,0.58,184.67999999999998,OF_157,0.342,1,5,EG-13900,Emily Grady,Corporate,emily_grady@example.com,"Oceanside, New York",East,4
2/20/2011,42,829,126.60480000000001,Serrated Blade or Curved Handle Hand Letter Openers,"Scissors, Rulers and Trimmers",Office Supplies,0.04,3.14,0.84,105.504,OF_305,0.15700000000000003,1,5,EG-13900,Emily Grady,Corporate,emily_grady@example.com,"Oceanside, New York",East,4
9/10/2012,37,830,3377.7892,"GE 48"" Fluorescent Tube, Cool White Energy Saver, 34 Watts, 30/Box",Office Furnishings,Furniture,0.08,99.23,0.35,991.3076999999998,FU_117,9.923000000000002,4,1,EG-13900,Emily Grady,Corporate,emily_grady@example.com,"Oceanside, New York",East,4
9/10/2012,4,831,309.56399999999996,Accessory4,Telephones and Communication,Technology,0.1,85.99,0.85,257.96999999999997,TE_14,12.898499999999999,2,5,EG-13900,Emily Grady,Corporate,emily_grady@example.com,"Oceanside, New York",East,4
2/12/2010,23,832,5057.007699999999,Hon GuestStacker Chair,Chairs & Chairmats,Furniture,0.03,226.67,0.59,2919.509599999999,FU_24,22.667,2,4,EG-13900,Emily Grady,Consumer,emily_grady@example.com,"Oceanside, New York",East,4
2/1/2010,31,833,921.9648,Belkin ErgoBoard Keyboard,Computer Peripherals,Technology,0.04,30.98,0.64,576.2280000000001,TE_106,4.647,3,1,DS-13030,Darrin Sayre,Corporate,darrin_sayre@example.com,"Seattle, Washington",West,2
9/26/2011,48,834,380.6352,"TOPS Money Receipt Book, Consecutively Numbered in Red,",Paper,Office Supplies,0.01,8.01,0.4,149.9472,OF_306,0.4005,1,4,DS-13030,Darrin Sayre,Home Office,darrin_sayre@example.com,"Seattle, Washington",West,2
9/26/2011,28,835,126.89040000000001,Xerox 1989,Paper,Office Supplies,0.09,4.98,0.38,40.43760000000002,OF_307,0.24900000000000003,2,4,DS-13030,Darrin Sayre,Home Office,darrin_sayre@example.com,"Seattle, Washington",West,2
8/12/2010,37,836,537.6322,"GE 4 Foot Flourescent Tube, 40 Watt",Office Furnishings,Furniture,0.03,14.98,0.39,199.53359999999998,FU_50,1.4980000000000002,3,5,DS-13030,Darrin Sayre,Corporate,darrin_sayre@example.com,"Seattle, Washington",West,2
8/20/2010,3,837,278.7048,"Bush Westfield Collection Bookcases, Fully Assembled",Bookcases,Furniture,0.08,100.98,0.62,163.58759999999998,FU_118,10.098,4,5,DS-13030,Darrin Sayre,Corporate,darrin_sayre@example.com,"Seattle, Washington",West,2
8/20/2010,30,838,387.18,Nu-Dell Leatherette Frames,Office Furnishings,Furniture,0.1,14.34,0.49,167.77800000000002,FU_119,1.4340000000000002,4,3,DS-13030,Darrin Sayre,Corporate,darrin_sayre@example.com,"Seattle, Washington",West,2
5/17/2012,24,839,1994.3999999999999,"Micro Innovations Micro Digital Wireless Keyboard and Mouse, Gray",Computer Peripherals,Technology,0.0,83.1,0.45,897.4799999999998,TE_99,12.464999999999998,2,4,GZ-14470,Gary Zandusky,Home Office,gary_zandusky@example.com,"San Francisco, California",West,2
5/17/2012,46,840,1675.4303999999997,"Snap-A-Way® Black Print Carbonless Ruled Speed Letter, Triplicate",Paper,Office Supplies,0.04,37.94,0.38,593.3815999999997,OF_297,1.897,2,3,PO-19195,Phillina Ober,Home Office,phillina_ober@example.com,"Naperville, Illinois",Central,3
7/9/2010,34,841,211.5072,Xerox 1994,Paper,Office Supplies,0.04,6.48,0.37,72.70559999999998,OF_308,0.32400000000000007,1,4,PO-19195,Phillina Ober,Corporate,phillina_ober@example.com,"Naperville, Illinois",Central,3
10/22/2011,30,842,265.10099999999994,Dixon Ticonderoga Core-Lock Colored Pencils,Pens & Art Supplies,Office Supplies,0.03,9.11,0.52,133.91699999999994,OF_309,0.4555,1,5,PO-19195,Phillina Ober,Corporate,phillina_ober@example.com,"Naperville, Illinois",Central,3
10/22/2011,14,843,2162.0214,CF 688,Telephones and Communication,Technology,0.01,155.99,0.58,1244.8002,TE_127,23.398500000000002,1,4,SS-20875,Sung Shariari,Corporate,sung_shariari@example.com,"Dallas, Texas",Central,3
7/15/2010,35,844,6355.293,Fellowes Staxonsteel® Drawer Files,Storage & Organization,Office Supplies,0.06,193.17,0.71,4394.617499999999,OF_117,9.6585,1,3,SS-20875,Sung Shariari,Home Office,sung_shariari@example.com,"Dallas, Texas",Central,3
3/4/2011,29,845,952.679,Panasonic KP-350BK Electric Pencil Sharpener with Auto Stop,Pens & Art Supplies,Office Supplies,0.05,34.58,0.56,511.43820000000005,OF_310,1.729,2,4,SS-20875,Sung Shariari,Consumer,sung_shariari@example.com,"Dallas, Texas",Central,3
3/4/2011,35,846,522.025,Hanging Personal Folder File,Storage & Organization,Office Supplies,0.05,15.7,0.6,302.22499999999997,OF_64,0.785,2,3,SS-20875,Sung Shariari,Consumer,sung_shariari@example.com,"Dallas, Texas",Central,3
1/5/2009,6,847,165.7536,"Memorex 4.7GB DVD+RW, 3/Pack",Computer Peripherals,Technology,0.03,28.48,0.4,63.2256,TE_92,4.272,1,5,MH-17785,Maya Herman,Consumer,maya_herman@example.com,"San Diego, California",West,2
1/5/2009,11,848,2243.2311,3285,Telephones and Communication,Technology,0.01,205.99,0.59,1314.2161999999998,TE_128,30.8985,1,1,MH-17785,Maya Herman,Consumer,maya_herman@example.com,"San Diego, California",West,2
5/12/2009,4,849,37.08,"Wirebound Message Books, Four 2 3/4"" x 5"" Forms per Page, 600 Sets per Book",Paper,Office Supplies,0.0,9.27,0.38,14.090399999999999,OF_156,0.4635,2,4,PB-19105,Peter BÃ¼hler,Corporate,peter_bã¼hler@example.com,"Evanston, Illinois",Central,3
2/22/2010,49,850,4458.02,Office Star - Task Chair with Contemporary Loop Arms,Chairs & Chairmats,Furniture,0.0,90.98,0.61,2719.3922000000002,FU_120,9.098,3,3,RF-19735,Roland Fjeld,Corporate,roland_fjeld@example.com,"Trenton, Michigan",Central,3
2/22/2010,39,851,785.4911999999999,Acco Perma® 3000 Stacking Storage Drawers,Storage & Organization,Office Supplies,0.04,20.98,0.66,507.29639999999995,OF_311,1.0490000000000002,2,3,RF-19735,Roland Fjeld,Corporate,roland_fjeld@example.com,"Trenton, Michigan",Central,3
6/23/2011,28,852,1061.2223999999999,"80 Minute CD-R Spindle, 100/Pack - Staples",Computer Peripherals,Technology,0.04,39.48,0.54,552.7199999999999,TE_15,5.922,2,5,RF-19735,Roland Fjeld,Consumer,roland_fjeld@example.com,"Trenton, Michigan",Central,3
3/20/2009,9,853,22.080599999999997,Avery 479,Labels,Office Supplies,0.06,2.61,0.39,7.751699999999998,OF_226,0.1305,2,5,RF-19735,Roland Fjeld,Corporate,roland_fjeld@example.com,"Trenton, Michigan",Central,3
1/22/2011,34,854,1988.3880000000001,Fellowes Bankers Box Staxonsteel® Drawer File/Stacking System,Storage & Organization,Office Supplies,0.1,64.98,0.73,1391.8716,OF_221,3.2490000000000006,2,5,YC-21895,Yoseph Carroll,Consumer,yoseph_carroll@example.com,"San Francisco, California",West,2
7/28/2011,40,855,1573.6319999999998,"Imation Printable White 80 Minute CD-R Spindle, 50/Pack",Computer Peripherals,Technology,0.04,40.98,0.44,655.6799999999997,TE_129,6.146999999999999,3,3,MS-17830,Melanie Seite,Small Business,melanie_seite@example.com,"Los Angeles, California",West,2
7/28/2011,50,856,734.29,Eldon® Gobal File Keepers,Storage & Organization,Office Supplies,0.03,15.14,0.81,590.46,OF_312,0.7570000000000001,2,4,NB-18655,Nona Balk,Small Business,nona_balk@example.com,"Jacksonville, Florida",South,1
4/3/2010,8,857,965.0432000000001,Kensington 7 Outlet MasterPiece® HOMEOFFICE Power Control Center,Appliances,Office Supplies,0.08,131.12,0.55,493.0112000000001,OF_313,6.556000000000001,2,2,DC-13285,Debra Catini,Consumer,debra_catini@example.com,"Cottage Grove, Minnesota",Central,3
4/3/2010,29,858,5653.8487,2160i,Telephones and Communication,Technology,0.03,200.99,0.59,3264.077599999999,TE_79,30.1485,1,3,DC-13285,Debra Catini,Consumer,debra_catini@example.com,"Cottage Grove, Minnesota",Central,3
11/21/2010,40,859,17999.640000000003,Sharp AL-1530CS Digital Copier,Copiers and Fax,Technology,0.1,499.99,0.36,5199.8960000000025,TE_21,74.99849999999999,2,2,CP-12340,Christine Phan,Home Office,christine_phan@example.com,"New York City, New York",East,4
9/11/2010,25,860,400.05000000000007,"Seth Thomas 13 1/2"" Wall Clock",Office Furnishings,Furniture,0.1,17.78,0.54,195.58000000000004,FU_121,1.7780000000000002,2,4,BF-11020,Barry FranzÃ¶sisch,Consumer,barry_franzã¶sisch@example.com,"Green Bay, Wisconsin",Central,3
8/31/2011,48,861,3360.1391999999996,"Tenex Carpeted, Granite-Look or Clear Contemporary Contour Shape Chair Mats",Office Furnishings,Furniture,0.01,70.71,0.78,2613.4415999999997,FU_122,7.071,4,1,AR-10510,Andrew Roberts,Corporate,andrew_roberts@example.com,"Los Angeles, California",West,2
8/31/2011,1,862,349.80089999999996,Bretford Rectangular Conference Table Tops,Tables,Furniture,0.07,376.13,0.74,252.00709999999995,FU_123,37.613,4,3,JC-16105,Julie Creighton,Corporate,julie_creighton@example.com,"Atlanta, Georgia",South,1
6/7/2009,13,863,57.54839999999999,Wirebound Voice Message Log Book,Paper,Office Supplies,0.07,4.76,0.39,19.801599999999986,OF_314,0.238,2,3,LH-17020,Lisa Hazard,Corporate,lisa_hazard@example.com,"Columbus, Ohio",East,4
3/22/2009,17,864,624.1787999999999,"80 Minute CD-R Spindle, 100/Pack - Staples",Computer Peripherals,Technology,0.07,39.48,0.54,315.44519999999994,TE_15,5.922,1,1,CS-12250,Chris Selesnick,Home Office,chris_selesnick@example.com,"Bossier City, Louisiana",South,1
3/22/2009,9,865,44.19,Avery 493,Labels,Office Supplies,0.0,4.91,0.36,15.908399999999993,OF_215,0.24550000000000002,2,5,CS-12250,Chris Selesnick,Home Office,chris_selesnick@example.com,"Bossier City, Louisiana",South,1
9/30/2010,38,866,6808.4676,O'Sullivan Manor Hill 2-Door Library in Brianna Oak,Bookcases,Furniture,0.01,180.98,0.74,5020.3852,FU_124,18.098,4,4,CS-12250,Chris Selesnick,Home Office,chris_selesnick@example.com,"Bossier City, Louisiana",South,1
9/15/2010,10,867,1419.2119999999998,Novimex Swivel Fabric Task Chair,Chairs & Chairmats,Furniture,0.06,150.98,0.74,1026.6639999999998,FU_125,15.097999999999999,2,4,CS-12250,Chris Selesnick,Consumer,chris_selesnick@example.com,"Bossier City, Louisiana",South,1
1/10/2010,32,868,145.00799999999998,"Imation Primaris 3.5"" 2HD Unformatted Diskettes, 10/Pack",Computer Peripherals,Technology,0.05,4.77,0.72,102.26879999999998,TE_130,0.7154999999999999,3,5,CS-12250,Chris Selesnick,Small Business,chris_selesnick@example.com,"Bossier City, Louisiana",South,1
6/26/2010,27,869,352.29329999999993,Project Tote Personal File,Storage & Organization,Office Supplies,0.07,14.03,0.56,185.61689999999996,OF_315,0.7015,2,5,AJ-10795,Anthony Johnson,Consumer,anthony_johnson@example.com,"Saint Petersburg, Florida",South,1
7/23/2011,14,870,74.088,3M Organizer Strips,Binders and Binder Accessories,Office Supplies,0.02,5.4,0.37,26.459999999999994,OF_116,0.27,2,3,LE-16810,Laurel Elliston,Consumer,laurel_elliston@example.com,"Arlington, Virginia",South,1
10/10/2010,43,871,313.04,"Imation 3.5"" DS-HD Macintosh Formatted Diskettes, 10/Pack",Computer Peripherals,Technology,0.0,7.28,0.68,212.86720000000003,TE_131,1.092,3,4,BV-11245,Benjamin Venier,Home Office,benjamin_venier@example.com,"Des Moines, Iowa",Central,3
2/5/2009,48,872,128.5632,"Sanford Colorific Colored Pencils, 12/Box",Pens & Art Supplies,Office Supplies,0.07,2.88,0.55,66.3552,OF_316,0.144,1,3,BV-11245,Benjamin Venier,Small Business,benjamin_venier@example.com,"Des Moines, Iowa",Central,3
2/5/2009,6,873,1058.346,R380,Telephones and Communication,Technology,0.1,195.99,0.58,564.4512,TE_01,29.3985,2,2,BV-11245,Benjamin Venier,Small Business,benjamin_venier@example.com,"Des Moines, Iowa",Central,3
11/9/2011,4,874,21.7328,Xerox 1899,Paper,Office Supplies,0.06,5.78,0.36,6.936,OF_317,0.28900000000000003,1,3,BV-11245,Benjamin Venier,Home Office,benjamin_venier@example.com,"Des Moines, Iowa",Central,3
11/9/2011,23,875,655.04,"Imation IBM Formatted Diskettes, 100/Pack",Computer Peripherals,Technology,0.0,28.48,0.7,458.5279999999999,TE_132,4.272,3,2,BV-11245,Benjamin Venier,Home Office,benjamin_venier@example.com,"Des Moines, Iowa",Central,3
7/26/2009,26,876,89.10719999999999,Barrel Sharpener,Pens & Art Supplies,Office Supplies,0.04,3.57,0.59,51.050999999999995,OF_318,0.1785,2,3,BV-11245,Benjamin Venier,Corporate,benjamin_venier@example.com,"Des Moines, Iowa",Central,3
7/26/2009,48,877,9165.144,2160i,Telephones and Communication,Technology,0.05,200.99,0.59,5209.6608,TE_79,30.1485,2,3,DL-12865,Dan Lawera,Corporate,dan_lawera@example.com,"Cincinnati, Ohio",East,4
7/26/2009,8,878,1458.1656,A1228,Telephones and Communication,Technology,0.07,195.99,0.58,799.6392,TE_82,29.3985,2,2,NZ-18565,Nick Zandusky,Corporate,nick_zandusky@example.com,"San Francisco, California",West,2
4/18/2009,28,879,1335.348,"Gould Plastics 9-Pocket Panel Bin, 18-3/8w x 5-1/4d x 20-1/2h, Black",Storage & Organization,Office Supplies,0.1,52.99,0.81,1053.4412,OF_319,2.6495,1,4,NZ-18565,Nick Zandusky,Corporate,nick_zandusky@example.com,"San Francisco, California",West,2
4/18/2009,8,880,751.2912,"Bush Westfield Collection Bookcases, Dark Cherry Finish, Fully Assembled",Bookcases,Furniture,0.07,100.98,0.78,573.5664,FU_10,10.098,4,5,NZ-18565,Nick Zandusky,Corporate,nick_zandusky@example.com,"San Francisco, California",West,2
4/18/2009,20,881,1668.206,Accessory34,Telephones and Communication,Technology,0.03,85.99,0.55,894.296,TE_133,12.898499999999999,3,4,NZ-18565,Nick Zandusky,Corporate,nick_zandusky@example.com,"San Francisco, California",West,2
2/24/2012,40,882,48.384,Bagged Rubber Bands,Rubber Bands,Office Supplies,0.04,1.26,0.81,38.80800000000001,OF_124,0.063,1,4,BM-11785,Bryan Mills,Small Business,bryan_mills@example.com,"Columbus, Ohio",East,4
7/28/2012,46,883,224.49840000000003,Hammermill CopyPlus Copy Paper (20Lb. and 84 Bright),Paper,Office Supplies,0.02,4.98,0.36,77.8872,OF_39,0.24900000000000003,1,3,BM-11785,Bryan Mills,Corporate,bryan_mills@example.com,"Columbus, Ohio",East,4
7/28/2012,27,884,1682.1188999999997,"Panasonic All Digital Answering System with Caller ID*, KX-TM150B",Telephones and Communication,Technology,0.07,66.99,0.6,958.6268999999998,TE_134,10.048499999999999,1,5,BM-11785,Bryan Mills,Corporate,bryan_mills@example.com,"Columbus, Ohio",East,4
12/14/2011,2,885,12.9492,Wilson Jones® Four-Pocket Poly Binders,Binders and Binder Accessories,Office Supplies,0.01,6.54,0.36,4.577999999999999,OF_320,0.327,2,5,BM-11785,Bryan Mills,Corporate,bryan_mills@example.com,"Columbus, Ohio",East,4
12/14/2011,50,886,7675.47,"Dual Level, Single-Width Filing Carts",Storage & Organization,Office Supplies,0.01,155.06,0.59,4496.74,OF_212,7.753,1,5,EA-14035,Erin Ashbrook,Corporate,erin_ashbrook@example.com,"Columbia, South Carolina",South,1
6/13/2010,20,887,39.936,Economy Binders,Binders and Binder Accessories,Office Supplies,0.04,2.08,0.36,13.311999999999998,OF_321,0.10400000000000001,1,5,CL-12565,Clay Ludtke,Consumer,clay_ludtke@example.com,"Lancaster, California",West,2
6/13/2010,4,888,605.2847999999999,Office Star - Mid Back Dual function Ergonomic High Back Chair with 2-Way Adjustable Arms,Chairs & Chairmats,Furniture,0.06,160.98,0.62,360.5951999999999,FU_126,16.098,4,1,LT-17110,Liz Thompson,Consumer,liz_thompson@example.com,"Lancaster, California",West,2
10/1/2010,22,889,240.92859999999996,X-Rack File for Hanging Folders,Storage & Organization,Office Supplies,0.03,11.29,0.59,139.09279999999995,OF_264,0.5645,1,5,SA-20830,Sue Ann Reed,Consumer,sue_reed@example.com,"Richmond, Virginia",South,1
4/27/2012,34,890,975.6095999999999,"Verbatim DVD-RAM, 5.2GB, Rewritable, Type 1, DS",Computer Peripherals,Technology,0.04,29.89,0.5,467.4795999999999,TE_95,4.4835,1,5,SA-20830,Sue Ann Reed,Consumer,sue_reed@example.com,"Richmond, Virginia",South,1
9/24/2011,18,891,29.635199999999998,Newell 323,Pens & Art Supplies,Office Supplies,0.02,1.68,0.59,17.236799999999995,OF_68,0.084,1,5,SA-20830,Sue Ann Reed,Consumer,sue_reed@example.com,"Richmond, Virginia",South,1
9/24/2011,39,892,1080.8616,Eldon Portable Mobile Manager,Storage & Organization,Office Supplies,0.02,28.28,0.58,617.6351999999999,OF_91,1.4140000000000001,2,4,SA-20830,Sue Ann Reed,Consumer,sue_reed@example.com,"Richmond, Virginia",South,1
6/30/2012,18,893,67.2192,Avery Binder Labels,Binders and Binder Accessories,Office Supplies,0.04,3.89,0.37,23.1066,OF_22,0.1945,2,3,JK-15730,Joe Kamberova,Home Office,joe_kamberova@example.com,"Asheville, North Carolina",South,1
11/10/2011,37,894,555.1406,Eldon Jumbo ProFile Portable File Boxes Graphite/Black,Storage & Organization,Office Supplies,0.02,15.31,0.57,311.55849999999987,OF_322,0.7655000000000001,2,5,ES-14020,Erica Smith,Consumer,erica_smith@example.com,"San Francisco, California",West,2
11/5/2009,20,895,151.8,"Master Giant Foot® Doorstop, Safety Yellow",Office Furnishings,Furniture,0.0,7.59,0.42,63.756,FU_78,0.759,2,3,ES-14020,Erica Smith,Corporate,erica_smith@example.com,"San Francisco, California",West,2
2/19/2009,37,896,221.26000000000002,Newell 315,Pens & Art Supplies,Office Supplies,0.0,5.98,0.6,132.756,OF_323,0.29900000000000004,1,4,RH-19495,Rick Hansen,Corporate,rick_hansen@example.com,"Rochester, Minnesota",Central,3
2/19/2009,4,897,8.1536,Kleencut® Forged Office Shears by Acme United Corporation,"Scissors, Rulers and Trimmers",Office Supplies,0.02,2.08,0.55,4.409600000000001,OF_324,0.10400000000000001,2,5,DB-13120,David Bremer,Corporate,david_bremer@example.com,"Rochester, New York",East,4
2/19/2009,29,898,169.9516,Xerox 1983,Paper,Office Supplies,0.02,5.98,0.36,58.9628,OF_325,0.29900000000000004,1,3,DB-13120,David Bremer,Corporate,david_bremer@example.com,"Rochester, New York",East,4
3/2/2010,29,899,1267.0245,T61,Telephones and Communication,Technology,0.05,45.99,0.56,680.1921000000001,TE_135,6.8985,3,3,DB-13120,David Bremer,Home Office,david_bremer@example.com,"Rochester, New York",East,4
6/28/2009,46,900,154.79919999999998,Avery Poly Binder Pockets,Binders and Binder Accessories,Office Supplies,0.06,3.58,0.37,51.050799999999995,OF_187,0.17900000000000002,2,5,CD-11920,Carlos Daly,Home Office,carlos_daly@example.com,"Lake Elsinore, California",West,2
6/28/2009,46,901,4227.0228,"Bush Westfield Collection Bookcases, Fully Assembled",Bookcases,Furniture,0.09,100.98,0.62,2461.8923999999997,FU_118,10.098,2,5,HW-14935,Helen Wasserman,Home Office,helen_wasserman@example.com,"San Diego, California",West,2
6/28/2009,15,902,78.03,Xerox 196,Paper,Office Supplies,0.1,5.78,0.36,22.541999999999994,OF_326,0.28900000000000003,2,3,HW-14935,Helen Wasserman,Home Office,helen_wasserman@example.com,"San Diego, California",West,2
1/26/2009,30,903,417.294,Nu-Dell Leatherette Frames,Office Furnishings,Furniture,0.03,14.34,0.49,197.892,FU_119,1.4340000000000002,3,2,HW-14935,Helen Wasserman,Consumer,helen_wasserman@example.com,"New York City, New York",East,4
8/2/2011,23,904,83.1726,Colored Envelopes,Envelopes,Office Supplies,0.02,3.69,0.39,31.401899999999998,OF_282,0.1845,2,5,MC-18130,Mike Caudle,Corporate,mike_caudle@example.com,"Monroe, Louisiana",South,1
7/4/2010,6,905,27.6924,"Pressboard Covers with Storage Hooks, 9 1/2"" x 11"", Light Blue",Binders and Binder Accessories,Office Supplies,0.06,4.91,0.38,9.4272,OF_271,0.24550000000000002,2,5,GM-14440,Gary McGarr,Corporate,gary_mcgarr@example.com,"San Francisco, California",West,2
10/1/2012,17,906,211.48,Eldon Simplefile® Box Office®,Storage & Organization,Office Supplies,0.0,12.44,0.57,120.54359999999998,OF_327,0.622,1,4,RA-19915,Russell Applegate,Consumer,russell_applegate@example.com,"Denver, Colorado",West,2
7/14/2011,7,907,438.83349999999996,6190,Telephones and Communication,Technology,0.05,65.99,0.55,230.96499999999997,TE_136,9.898499999999999,2,4,RA-19915,Russell Applegate,Corporate,russell_applegate@example.com,"Denver, Colorado",West,2
7/25/2010,23,908,6366.519599999999,Panasonic KX-P3200 Dot Matrix Printer,Office Machines,Technology,0.07,297.64,0.57,3422.8599999999988,TE_137,44.645999999999994,2,1,AA-10375,Allen Armold,Home Office,allen_armold@example.com,"Omaha, Nebraska",Central,3
7/6/2009,4,909,26.189999999999998,Wilson Jones DublLock® D-Ring Binders,Binders and Binder Accessories,Office Supplies,0.03,6.75,0.35,8.639999999999997,OF_131,0.3375,2,3,AA-10375,Allen Armold,Corporate,allen_armold@example.com,"Omaha, Nebraska",Central,3
7/6/2009,46,910,310.27,"Wilson Jones Hanging View Binder, White, 1""",Binders and Binder Accessories,Office Supplies,0.05,7.1,0.39,111.04400000000001,OF_172,0.355,2,4,ZC-21910,Zuschuss Carroll,Corporate,zuschuss_carroll@example.com,"Edmonds, Washington",West,2
7/6/2009,22,911,442.46399999999994,"Fellowes Basic 104-Key Keyboard, Platinum",Computer Peripherals,Technology,0.04,20.95,0.6,258.1039999999999,TE_22,3.1424999999999996,3,2,ZC-21910,Zuschuss Carroll,Corporate,zuschuss_carroll@example.com,"Edmonds, Washington",West,2
7/6/2009,31,912,1150.317,Ibico Recycled Linen-Style Covers,Binders and Binder Accessories,Office Supplies,0.05,39.06,0.37,387.4752,OF_328,1.9530000000000003,1,5,ZC-21910,Zuschuss Carroll,Corporate,zuschuss_carroll@example.com,"Edmonds, Washington",West,2
7/6/2009,12,913,40.550399999999996,Self-Adhesive Ring Binder Labels,Binders and Binder Accessories,Office Supplies,0.04,3.52,0.38,14.361599999999996,OF_275,0.17600000000000002,2,4,ZC-21910,Zuschuss Carroll,Corporate,zuschuss_carroll@example.com,"Edmonds, Washington",West,2
7/6/2009,3,914,45.5994,"Tenex File Box, Personal Filing Tote with Lid, Black",Storage & Organization,Office Supplies,0.02,15.51,0.59,26.522100000000002,OF_142,0.7755000000000001,1,5,PJ-19015,Pauline Johnson,Corporate,pauline_johnson@example.com,"Santa Ana, California",West,2
12/11/2012,29,915,590.4486999999999,1726 Digital Answering Machine,Telephones and Communication,Technology,0.03,20.99,0.58,334.79049999999995,TE_138,3.1485,3,3,PJ-19015,Pauline Johnson,Corporate,pauline_johnson@example.com,"Santa Ana, California",West,2
12/11/2012,10,916,138.51,DAX Clear Channel Poster Frame,Office Furnishings,Furniture,0.05,14.58,0.48,62.69399999999999,FU_106,1.4580000000000002,4,2,BW-11110,Bart Watters,Corporate,bart_watters@example.com,"Milwaukee, Wisconsin",Central,3
12/1/2011,33,917,261.1455,"80 Minute Slim Jewel Case CD-R , 10/Pack - Staples",Computer Peripherals,Technology,0.05,8.33,0.52,129.19830000000005,TE_47,1.2495,3,2,DB-13210,Dean Braden,Small Business,dean_braden@example.com,"Philadelphia, Pennsylvania",East,4
12/1/2011,26,918,1144.494,Xerox 1891,Paper,Office Supplies,0.1,48.91,0.38,356.0648,OF_54,2.4455,1,4,CA-12775,Cynthia Arntzen,Small Business,cynthia_arntzen@example.com,"Philadelphia, Pennsylvania",East,4
4/4/2009,49,919,298.4688,Xerox 220,Paper,Office Supplies,0.06,6.48,0.37,98.43119999999996,OF_279,0.32400000000000007,2,4,CA-12775,Cynthia Arntzen,Home Office,cynthia_arntzen@example.com,"Philadelphia, Pennsylvania",East,4
6/25/2010,2,920,37.5606,Computer Printout Paper with Letter-Trim Perforations,Paper,Office Supplies,0.01,18.97,0.37,13.658400000000004,OF_25,0.9485,1,5,CA-12775,Cynthia Arntzen,Home Office,cynthia_arntzen@example.com,"Philadelphia, Pennsylvania",East,4
2/16/2011,37,921,219.0474,Wausau Papers Astrobrights® Colored Envelopes,Envelopes,Office Supplies,0.01,5.98,0.36,77.441,OF_270,0.29900000000000004,1,5,CA-12775,Cynthia Arntzen,Home Office,cynthia_arntzen@example.com,"Philadelphia, Pennsylvania",East,4
2/16/2011,2,922,20.8,"Executive Impressions 8-1/2"" Career Panel/Partition Cubicle Clock",Office Furnishings,Furniture,0.0,10.4,0.51,10.608,FU_127,1.04,2,3,CA-12775,Cynthia Arntzen,Home Office,cynthia_arntzen@example.com,"Philadelphia, Pennsylvania",East,4
8/26/2010,23,923,581.4768,Belkin MediaBoard 104- Keyboard,Computer Peripherals,Technology,0.08,27.48,0.75,423.46680000000003,TE_139,4.122,2,4,TR-21325,Toby Ritter,Corporate,toby_ritter@example.com,"Belleville, New Jersey",East,4
11/4/2010,23,924,373.89720000000005,"Executive Impressions 12"" Wall Clock",Office Furnishings,Furniture,0.08,17.67,0.47,158.49990000000003,FU_128,1.7670000000000003,3,1,TR-21325,Toby Ritter,Home Office,toby_ritter@example.com,"Belleville, New Jersey",East,4
11/4/2010,36,925,300.24,Southworth 25% Cotton Antique Laid Paper & Envelopes,Paper,Office Supplies,0.0,8.34,0.4,120.09600000000003,OF_287,0.41700000000000004,2,4,PG-18820,Patrick Gardner,Home Office,patrick_gardner@example.com,"San Francisco, California",West,2
11/4/2010,22,926,4441.1444,6185,Telephones and Communication,Technology,0.02,205.99,0.58,2537.7968,TE_140,30.8985,3,5,PG-18820,Patrick Gardner,Home Office,patrick_gardner@example.com,"San Francisco, California",West,2
4/28/2009,30,927,94.18799999999999,"Eldon Spacemaker® Box, Quick-Snap Lid, Clear",Pens & Art Supplies,Office Supplies,0.06,3.34,0.54,48.096,OF_329,0.167,1,3,GT-14710,Greg Tran,Small Business,greg_tran@example.com,"Lakeville, Minnesota",Central,3
8/6/2009,9,928,57.7368,Xerox 1995,Paper,Office Supplies,0.01,6.48,0.37,20.995199999999997,OF_274,0.32400000000000007,1,4,GT-14710,Greg Tran,Small Business,greg_tran@example.com,"Lakeville, Minnesota",Central,3
3/18/2009,32,929,2491.632,Honeywell Quietcare HEPA Air Cleaner,Appliances,Office Supplies,0.01,78.65,0.52,1283.568,OF_208,3.9325000000000006,2,4,GT-14710,Greg Tran,Small Business,greg_tran@example.com,"Lakeville, Minnesota",Central,3
3/18/2009,7,930,42.184799999999996,Xerox 1993,Paper,Office Supplies,0.07,6.48,0.36,13.154399999999992,OF_330,0.32400000000000007,2,5,JE-15745,Joel Eaton,Small Business,joel_eaton@example.com,"Florence, Kentucky",South,1
1/5/2009,5,931,1122.308,"Hon Deluxe Fabric Upholstered Stacking Chairs, Rounded Back",Chairs & Chairmats,Furniture,0.08,243.98,0.55,573.3530000000001,FU_29,24.398,2,3,JE-15745,Joel Eaton,Corporate,joel_eaton@example.com,"Florence, Kentucky",South,1
10/8/2012,4,932,193.9728,"Strathmore #10 Envelopes, Ultimate White",Envelopes,Office Supplies,0.08,52.71,0.36,59.0352,OF_331,2.6355000000000004,2,5,JE-15745,Joel Eaton,Home Office,joel_eaton@example.com,"Florence, Kentucky",South,1
11/5/2010,29,933,1088.631,Fellowes 8 Outlet Superior Workstation Surge Protector,Appliances,Office Supplies,0.1,41.71,0.56,556.4114000000001,OF_332,2.0855,2,5,JE-15745,Joel Eaton,Corporate,joel_eaton@example.com,"Florence, Kentucky",South,1
11/5/2010,43,934,2359.926,"Tyvek Interoffice Envelopes, 9 1/2"" x 12 1/2"", 100/Box",Envelopes,Office Supplies,0.1,60.98,0.38,734.1991999999998,OF_333,3.049,2,5,JB-15400,Jennifer Braxton,Corporate,jennifer_braxton@example.com,"Tampa, Florida",South,1
12/10/2012,14,935,139.88520000000003,Fiskars® Softgrip Scissors,"Scissors, Rulers and Trimmers",Office Supplies,0.09,10.98,0.57,73.78560000000002,OF_190,0.549,1,4,JB-15400,Jennifer Braxton,Corporate,jennifer_braxton@example.com,"Tampa, Florida",South,1
2/5/2009,23,936,6049.4922,Sanyo 2.5 Cubic Foot Mid-Size Office Refrigerators,Appliances,Office Supplies,0.06,279.81,0.59,3410.8838999999994,OF_207,13.9905,1,3,JB-15400,Jennifer Braxton,Small Business,jennifer_braxton@example.com,"Tampa, Florida",South,1
9/28/2011,34,937,2894.4234,Accessory20,Telephones and Communication,Technology,0.01,85.99,0.37,1052.5176000000001,TE_141,12.898499999999999,3,3,LH-17020,Lisa Hazard,Home Office,lisa_hazard@example.com,"Tyler, Texas",Central,3
6/5/2012,43,938,165.63600000000002,Xerox 1971,Paper,Office Supplies,0.1,4.28,0.4,55.21200000000002,OF_90,0.21400000000000002,1,5,JL-15175,James Lanier,Corporate,james_lanier@example.com,"Columbia, Tennessee",South,1
6/5/2012,31,939,5182.905500000001,5165,Telephones and Communication,Technology,0.05,175.99,0.59,2946.072600000001,TE_142,26.398500000000002,3,2,EB-13705,Ed Braxton,Corporate,ed_braxton@example.com,"Fort Worth, Texas",Central,3
9/26/2010,46,940,3766.1580000000004,Lexmark Z54se Color Inkjet Printer,Office Machines,Technology,0.1,90.97,0.36,1088.0012000000006,TE_143,13.6455,3,2,BM-11650,Brian Moss,Corporate,brian_moss@example.com,"New York City, New York",East,4
9/26/2010,31,941,1943.4054999999998,StarTAC 7760,Telephones and Communication,Technology,0.05,65.99,0.59,1104.6725999999999,TE_101,9.898499999999999,1,4,BM-11650,Brian Moss,Corporate,brian_moss@example.com,"New York City, New York",East,4
1/21/2009,46,942,1372.2351999999998,"Premier Elliptical Ring Binder, Black",Binders and Binder Accessories,Office Supplies,0.02,30.44,0.37,490.0839999999997,OF_334,1.5220000000000002,1,5,BM-11650,Brian Moss,Corporate,brian_moss@example.com,"New York City, New York",East,4
10/5/2012,14,943,87.88499999999999,Wilson Jones DublLock® D-Ring Binders,Binders and Binder Accessories,Office Supplies,0.07,6.75,0.35,26.459999999999987,OF_131,0.3375,1,3,EM-14095,Eudokia Martin,Corporate,eudokia_martin@example.com,"Los Angeles, California",West,2
10/5/2012,31,944,340.07,Micro Innovations 104 Keyboard,Computer Peripherals,Technology,0.0,10.97,0.64,217.64479999999998,TE_51,1.6455,1,5,EM-14095,Eudokia Martin,Corporate,eudokia_martin@example.com,"Los Angeles, California",West,2
3/25/2009,20,945,210.672,"Eldon Expressions Punched Metal & Wood Desk Accessories, Pewter & Cherry",Office Furnishings,Furniture,0.01,10.64,0.57,119.16799999999998,FU_90,1.064,3,4,EM-14095,Eudokia Martin,Corporate,eudokia_martin@example.com,"Los Angeles, California",West,2
9/20/2012,19,946,74.05439999999999,Eureka Disposable Bags for Sanitaire® Vibra Groomer I® Upright Vac,Appliances,Office Supplies,0.04,4.06,0.6,43.19839999999999,OF_160,0.20299999999999999,2,1,EM-14095,Eudokia Martin,Corporate,eudokia_martin@example.com,"Los Angeles, California",West,2
9/20/2012,31,947,268.863,GBC Standard Plastic Binding Systems Combs,Binders and Binder Accessories,Office Supplies,0.02,8.85,0.36,93.279,OF_103,0.4425,2,3,AF-10885,Art Foster,Corporate,art_foster@example.com,"Louisville, Kentucky",South,1
9/20/2012,29,948,89.523,Avery 520,Labels,Office Supplies,0.02,3.15,0.37,31.972499999999997,OF_335,0.1575,1,5,AF-10885,Art Foster,Corporate,art_foster@example.com,"Louisville, Kentucky",South,1
2/5/2010,39,949,1831.5648,"Fellowes Premier Superior Surge Suppressor, 10-Outlet, With Phone and Remote",Appliances,Office Supplies,0.04,48.92,0.59,1049.334,OF_336,2.446,2,1,GA-14725,Guy Armstrong,Home Office,guy_armstrong@example.com,"Lorain, Ohio",East,4
2/5/2010,2,950,16.8586,"Cardinal Slant-D® Ring Binder, Heavy Gauge Vinyl",Binders and Binder Accessories,Office Supplies,0.03,8.69,0.39,6.2568,OF_03,0.4345,1,4,CK-12760,Cyma Kinney,Home Office,cyma_kinney@example.com,"Linden, New Jersey",East,4
3/19/2010,46,951,484.87680000000006,Fiskars® Softgrip Scissors,"Scissors, Rulers and Trimmers",Office Supplies,0.04,10.98,0.57,267.6924,OF_190,0.549,1,5,DP-13105,Dave Poirier,Corporate,dave_poirier@example.com,"Salinas, California",West,2
11/19/2011,39,952,284.2749,"TOPS Money Receipt Book, Consecutively Numbered in Red,",Paper,Office Supplies,0.09,8.01,0.4,96.8409,OF_306,0.4005,2,3,DP-13105,Dave Poirier,Corporate,dave_poirier@example.com,"Salinas, California",West,2
11/19/2011,17,953,101.34720000000002,Xerox 226,Paper,Office Supplies,0.08,6.48,0.37,31.946399999999997,OF_337,0.32400000000000007,2,5,VD-21670,Valerie Dominguez,Corporate,valerie_dominguez@example.com,"Jackson, Mississippi",South,1
11/19/2011,49,954,1806.7769999999998,Sanford 52201 APSCO Electric Pencil Sharpener,Pens & Art Supplies,Office Supplies,0.1,40.97,0.59,983.6896999999997,OF_338,2.0485,2,3,GT-14710,Greg Tran,Corporate,greg_tran@example.com,"New York City, New York",East,4
4/29/2009,49,955,6797.133000000001,Laminate Occasional Tables,Tables,Furniture,0.1,154.13,0.68,4380.374600000001,FU_129,15.413,3,4,GT-14710,Greg Tran,Corporate,greg_tran@example.com,"New York City, New York",East,4
4/3/2011,47,956,89.93920000000001,Round Ring Binders,Binders and Binder Accessories,Office Supplies,0.08,2.08,0.38,29.32800000000001,OF_339,0.10400000000000001,1,3,BK-11260,Berenike Kampe,Home Office,berenike_kampe@example.com,"New York City, New York",East,4
4/16/2011,7,957,25.003999999999998,Durable Pressboard Binders,Binders and Binder Accessories,Office Supplies,0.06,3.8,0.38,8.512,OF_92,0.19,2,3,BK-11260,Berenike Kampe,Corporate,berenike_kampe@example.com,"New York City, New York",East,4
4/16/2011,6,958,20.3688,Avery 52,Labels,Office Supplies,0.08,3.69,0.38,6.642000000000001,OF_13,0.1845,2,4,BK-11260,Berenike Kampe,Corporate,berenike_kampe@example.com,"New York City, New York",East,4
6/15/2010,37,959,98.0352,Avery 492,Labels,Office Supplies,0.08,2.88,0.39,33.03360000000001,OF_201,0.144,2,4,SJ-20125,Sanjit Jacobs,Corporate,sanjit_jacobs@example.com,"New Brunswick, New Jersey",East,4
6/15/2010,43,960,1036.773,"Executive Impressions 13"" Chairman Wall Clock",Office Furnishings,Furniture,0.05,25.38,0.5,491.10299999999995,FU_51,2.5380000000000003,2,1,SJ-20125,Sanjit Jacobs,Corporate,sanjit_jacobs@example.com,"New Brunswick, New Jersey",East,4
8/9/2009,3,961,15.842400000000001,Binder Posts,Binders and Binder Accessories,Office Supplies,0.08,5.74,0.39,5.338200000000002,OF_132,0.28700000000000003,1,4,CM-12445,Chuck Magee,Corporate,chuck_magee@example.com,"San Francisco, California",West,2
9/20/2009,48,962,126.2352,Avery 498,Labels,Office Supplies,0.09,2.89,0.38,40.22880000000001,OF_196,0.14450000000000002,1,5,CM-12445,Chuck Magee,Home Office,chuck_magee@example.com,"San Francisco, California",West,2
9/20/2009,5,963,239.659,Xerox 1891,Paper,Office Supplies,0.02,48.91,0.38,88.03800000000001,OF_54,2.4455,2,4,AJ-10795,Anthony Johnson,Home Office,anthony_johnson@example.com,"Jacksonville, Florida",South,1
3/20/2012,16,964,39.6288,DIXON Oriole® Pencils,Pens & Art Supplies,Office Supplies,0.04,2.58,0.59,22.703999999999997,OF_340,0.129,1,5,AJ-10795,Anthony Johnson,Corporate,anthony_johnson@example.com,"Jacksonville, Florida",South,1
3/23/2012,45,965,127.008,Avery Durable Binders,Binders and Binder Accessories,Office Supplies,0.02,2.88,0.36,44.06399999999999,OF_341,0.144,2,3,AJ-10795,Anthony Johnson,Consumer,anthony_johnson@example.com,"Jacksonville, Florida",South,1
7/19/2010,47,966,176.25,Avery 510,Labels,Office Supplies,0.0,3.75,0.37,65.2125,OF_28,0.1875,1,4,AJ-10780,Anthony Jacobs,Home Office,anthony_jacobs@example.com,"Springfield, Virginia",South,1
7/19/2010,15,967,27.900000000000002,"Super Bands, 12/Pack",Rubber Bands,Office Supplies,0.0,1.86,0.82,22.878,OF_342,0.09300000000000001,1,5,AJ-10780,Anthony Jacobs,Home Office,anthony_jacobs@example.com,"Springfield, Virginia",South,1
11/21/2012,28,968,1755.3339999999998,iDEN i95,Telephones and Communication,Technology,0.05,65.99,0.59,997.7687999999998,TE_144,9.898499999999999,3,5,LS-16945,Linda Southworth,Home Office,linda_southworth@example.com,"Philadelphia, Pennsylvania",East,4
3/27/2009,25,969,278.3025,Staples 6 Outlet Surge,Appliances,Office Supplies,0.07,11.97,0.58,152.61749999999998,OF_94,0.5985,2,4,GP-14740,Guy Phonely,Small Business,guy_phonely@example.com,"Lancaster, Pennsylvania",East,4
3/27/2009,26,970,719.5266,Lock-Up Easel 'Spel-Binder',Binders and Binder Accessories,Office Supplies,0.03,28.53,0.38,259.623,OF_140,1.4265,2,4,PK-18910,Paul Knutson,Small Business,paul_knutson@example.com,"Philadelphia, Pennsylvania",East,4
3/27/2009,6,971,90.76319999999998,"Memorex 4.7GB DVD+R, 3/Pack",Computer Peripherals,Technology,0.01,15.28,0.42,37.58879999999998,TE_145,2.292,3,1,PK-18910,Paul Knutson,Small Business,paul_knutson@example.com,"Philadelphia, Pennsylvania",East,4
5/14/2010,17,972,2328.66,"3M Polarizing Task Lamp with Clamp Arm, Light Gray",Office Furnishings,Furniture,0.0,136.98,0.59,1373.9094,FU_75,13.698,3,3,TB-21520,Tracy Blumstein,Corporate,tracy_blumstein@example.com,"Concord, New Hampshire",East,4
5/14/2010,49,973,1515.57,"Advantus Employee of the Month Certificate Frame, 11 x 13-1/2",Office Furnishings,Furniture,0.0,30.93,0.44,666.8507999999998,FU_130,3.093,3,5,SM-20005,Sally Matthias,Corporate,sally_matthias@example.com,"New York City, New York",East,4
10/17/2010,48,974,5273.7696,Office Star Flex Back Scooter Chair with White Frame,Chairs & Chairmats,Furniture,0.01,110.98,0.71,3728.9279999999994,FU_105,11.098,4,3,SM-20005,Sally Matthias,Corporate,sally_matthias@example.com,"New York City, New York",East,4
8/24/2010,26,975,1309.9268,"Howard Miller 11-1/2"" Diameter Ridgewood Wall Clock",Office Furnishings,Furniture,0.03,51.94,0.44,553.6804,FU_131,5.194,2,3,GA-14725,Guy Armstrong,Corporate,guy_armstrong@example.com,"Charlotte, North Carolina",South,1
8/24/2010,46,976,909.8892000000001,Southworth 25% Cotton Premium Laser Paper and Envelopes,Paper,Office Supplies,0.01,19.98,0.37,330.8688000000001,OF_266,0.9990000000000001,2,4,CC-12430,Chuck Clark,Corporate,chuck_clark@example.com,"Concord, New Hampshire",East,4
8/10/2011,19,977,1390.4523,Howard Miller 12-3/4 Diameter Accuwave DS  Wall Clock,Office Furnishings,Furniture,0.07,78.69,0.43,538.2395999999999,FU_132,7.869,4,3,CC-12430,Chuck Clark,Home Office,chuck_clark@example.com,"Concord, New Hampshire",East,4
9/24/2009,10,978,268.182,Lock-Up Easel 'Spel-Binder',Binders and Binder Accessories,Office Supplies,0.06,28.53,0.38,91.29599999999999,OF_140,1.4265,2,4,CC-12430,Chuck Clark,Home Office,chuck_clark@example.com,"Concord, New Hampshire",East,4
9/24/2009,9,979,534.519,StarTAC 7760,Telephones and Communication,Technology,0.1,65.99,0.59,291.0159,TE_101,9.898499999999999,1,1,AG-10765,Anthony Garverick,Home Office,anthony_garverick@example.com,"Philadelphia, Pennsylvania",East,4
10/30/2012,35,980,723.8700000000001,"Seth Thomas 12"" Clock w/ Goldtone Case",Office Furnishings,Furniture,0.1,22.98,0.51,329.76300000000015,FU_133,2.298,2,4,HP-14815,Harold Pawlan,Home Office,harold_pawlan@example.com,"New York City, New York",East,4
10/30/2012,5,981,896.4499999999999,Bevis Round Conference Room Tables and Bases,Tables,Furniture,0.0,179.29,0.71,636.4794999999999,FU_134,17.929,4,5,HP-14815,Harold Pawlan,Home Office,harold_pawlan@example.com,"New York City, New York",East,4
5/7/2010,17,982,175.3329,#10 Self-Seal White Envelopes,Envelopes,Office Supplies,0.07,11.09,0.36,54.6737,OF_343,0.5545,1,4,DK-13090,Dave Kipp,Corporate,dave_kipp@example.com,"Springfield, Virginia",South,1
4/9/2011,36,983,1591.0848,Xerox 1885,Paper,Office Supplies,0.08,48.04,0.37,501.5376000000001,OF_225,2.402,2,3,GZ-14470,Gary Zandusky,Consumer,gary_zandusky@example.com,"San Francisco, California",West,2
6/3/2010,46,984,7282.674000000001,Fellowes Super Stor/Drawer® Files,Storage & Organization,Office Supplies,0.02,161.55,0.66,4756.032000000001,OF_298,8.0775,1,5,PM-19135,Peter McVee,Home Office,peter_mcvee@example.com,"Detroit, Michigan",Central,3
5/22/2010,45,985,250.99199999999996,"Advantus Push Pins, Aluminum Head",Rubber Bands,Office Supplies,0.04,5.81,0.54,130.72499999999997,OF_344,0.2905,2,4,LL-16840,Lauren Leatherbury,Corporate,lauren_leatherbury@example.com,"Rochester, New York",East,4
5/22/2010,4,986,113.01199999999999,Acco Perma® 2700 Stacking Storage Drawers,Storage & Organization,Office Supplies,0.05,29.74,0.7,77.32399999999998,OF_137,1.487,2,5,JS-15595,Jill Stevenson,Corporate,jill_stevenson@example.com,"Los Angeles, California",West,2
10/25/2012,35,987,132.0165,"Acco Pressboard Covers with Storage Hooks, 14 7/8"" x 11"", Dark Blue",Binders and Binder Accessories,Office Supplies,0.01,3.81,0.36,46.6725,OF_235,0.1905,1,4,OT-18730,Olvera Toch,Home Office,olvera_toch@example.com,"San Diego, California",West,2
10/25/2012,32,988,3039.696,Bevis Steel Folding Chairs,Chairs & Chairmats,Furniture,0.01,95.95,0.57,1719.4239999999998,FU_05,9.595,2,3,EL-13735,Ed Ludwig,Home Office,ed_ludwig@example.com,"Columbia, Maryland",East,4
10/25/2012,46,989,326.646,"Staples Vinyl Coated Paper Clips, 800/Box",Rubber Bands,Office Supplies,0.1,7.89,0.4,108.882,OF_345,0.3945,1,5,CK-12760,Cyma Kinney,Home Office,cyma_kinney@example.com,"San Francisco, California",West,2
10/25/2012,9,990,1075.5936,Bevis 36 x 72 Conference Tables,Tables,Furniture,0.04,124.49,0.63,661.0418999999999,FU_65,12.449,3,5,JE-15475,Jeremy Ellison,Home Office,jeremy_ellison@example.com,"New Rochelle, New York",East,4
1/5/2010,34,991,652.4735999999999,Telescoping Adjustable Floor Lamp,Office Furnishings,Furniture,0.04,19.99,0.6,380.60959999999994,FU_52,1.9989999999999999,3,1,JE-15475,Jeremy Ellison,Home Office,jeremy_ellison@example.com,"New Rochelle, New York",East,4
1/5/2010,44,992,699.3975999999999,"Tenex Personal Self-Stacking Standard File Box, Black/Gray",Storage & Organization,Office Supplies,0.06,16.91,0.58,386.9007999999999,OF_346,0.8455,2,3,TH-21550,Tracy Hopkins,Home Office,tracy_hopkins@example.com,"Detroit, Michigan",Central,3
12/30/2011,40,993,223.10399999999998,"Advantus Push Pins, Aluminum Head",Rubber Bands,Office Supplies,0.04,5.81,0.54,116.2,OF_344,0.2905,2,5,TH-21550,Tracy Hopkins,Consumer,tracy_hopkins@example.com,"Detroit, Michigan",Central,3
12/30/2011,48,994,1161.8496,"Micro Innovations Micro 3000 Keyboard, Black",Computer Peripherals,Technology,0.08,26.31,0.75,846.1296,TE_71,3.9464999999999995,1,1,TH-21550,Tracy Hopkins,Consumer,tracy_hopkins@example.com,"Detroit, Michigan",Central,3
2/14/2011,17,995,1754.7519,LX 677,Telephones and Communication,Technology,0.07,110.99,0.57,943.415,TE_98,16.6485,3,1,PC-18745,Pamela Coakley,Home Office,pamela_coakley@example.com,"San Francisco, California",West,2
5/28/2010,3,996,278.7048,"Bush Westfield Collection Bookcases, Fully Assembled",Bookcases,Furniture,0.08,100.98,0.62,163.58759999999998,FU_118,10.098,2,4,PC-18745,Pamela Coakley,Consumer,pamela_coakley@example.com,"San Francisco, California",West,2
5/28/2010,7,997,1056.86,Canon MP41DH Printing Calculator,Office Machines,Technology,0.0,150.98,0.38,401.6068,TE_53,22.647,3,1,HL-15040,Hunter Lopez,Consumer,hunter_lopez@example.com,"Houston, Texas",Central,3
6/28/2010,47,998,6361.468800000001,7160,Telephones and Communication,Technology,0.04,140.99,0.59,3644.5915,TE_146,21.148500000000002,3,2,MS-17365,Maribeth Schnelling,Small Business,maribeth_schnelling@example.com,"Detroit, Michigan",Central,3
3/1/2011,21,999,1184.0051999999998,Belkin 8 Outlet SurgeMaster II Gold Surge Protector,Appliances,Office Supplies,0.06,59.98,0.57,642.3857999999998,OF_179,2.999,1,1,GB-14530,George Bell,Consumer,george_bell@example.com,"Auburn, New York",East,4
3/1/2011,26,1000,371.4984,DAX Clear Channel Poster Frame,Office Furnishings,Furniture,0.02,14.58,0.48,174.3768,FU_106,1.4580000000000002,3,5,JR-16210,Justin Ritter,Consumer,justin_ritter@example.com,"Springfield, Ohio",East,4
2/27/2012,26,1001,826.28,"Memorex 4.7GB DVD-RAM, 3/Pack",Computer Peripherals,Technology,0.0,31.78,0.42,347.03759999999994,TE_12,4.767,2,2,TD-20995,Tamara Dahlen,Home Office,tamara_dahlen@example.com,"Garland, Texas",Central,3
2/27/2012,10,1002,27.522,Prang Drawing Pencil Set,Pens & Art Supplies,Office Supplies,0.01,2.78,0.45,12.232,OF_86,0.13899999999999998,1,3,TD-20995,Tamara Dahlen,Home Office,tamara_dahlen@example.com,"Garland, Texas",Central,3
3/19/2012,24,1003,1346.4384,Euro Pro Shark Stick Mini Vacuum,Appliances,Office Supplies,0.08,60.98,0.59,746.3952,OF_195,3.049,2,1,DB-13060,Dave Brooks,Home Office,dave_brooks@example.com,"Chicago, Illinois",Central,3
3/19/2012,43,1004,5146.691499999999,M3682,Telephones and Communication,Technology,0.05,125.99,0.57,2817.1363999999985,TE_102,18.8985,3,5,LC-17140,Logan Currie,Home Office,logan_currie@example.com,"Los Angeles, California",West,2
3/19/2012,44,1005,4989.204,StarTAC 6500,Telephones and Communication,Technology,0.1,125.99,0.59,2716.3443999999995,TE_147,18.8985,2,2,LC-17140,Logan Currie,Home Office,logan_currie@example.com,"Los Angeles, California",West,2
3/4/2012,7,1006,1778.728,SAFCO Arco Folding Chair,Chairs & Chairmats,Furniture,0.08,276.2,,,FU_12,27.62,4,1,LC-17140,Logan Currie,Corporate,logan_currie@example.com,"Los Angeles, California",West,2
3/9/2012,35,1007,1424.899,Eldon Advantage® Chair Mats for Low to Medium Pile Carpets,Office Furnishings,Furniture,0.06,43.31,0.75,1045.9364999999998,FU_135,4.331,3,4,PO-18865,Patrick O'Donnell,Home Office,patrick_o'donnell@example.com,"New York City, New York",East,4
3/9/2012,8,1008,967.6031999999999,SC7868i,Telephones and Communication,Technology,0.04,125.99,0.55,514.0391999999999,TE_148,18.8985,3,5,PO-18865,Patrick O'Donnell,Home Office,patrick_o'donnell@example.com,"New York City, New York",East,4
1/5/2010,6,1009,32.5992,HP Office Recycled Paper (20Lb. and 87 Bright),Paper,Office Supplies,0.06,5.78,0.36,10.404000000000003,OF_347,0.28900000000000003,2,3,PO-18865,Patrick O'Donnell,Small Business,patrick_o'donnell@example.com,"New York City, New York",East,4
1/5/2010,15,1010,662.256,KF 788,Telephones and Communication,Technology,0.04,45.99,0.56,358.722,TE_112,6.8985,2,3,BE-11335,Bill Eplett,Small Business,bill_eplett@example.com,"Jackson, Michigan",Central,3
4/21/2012,24,1011,684.0384000000001,Logitech Internet Navigator Keyboard,Computer Peripherals,Technology,0.08,30.98,0.8,535.3344000000002,TE_149,4.647,2,5,BE-11335,Bill Eplett,Home Office,bill_eplett@example.com,"Jackson, Michigan",Central,3
6/17/2009,25,1012,103.25,ACCOHIDE® Binder by Acco,Binders and Binder Accessories,Office Supplies,0.0,4.13,0.38,39.235,OF_294,0.20650000000000002,1,4,BE-11335,Bill Eplett,Small Business,bill_eplett@example.com,"Jackson, Michigan",Central,3
6/17/2009,24,1013,2829.1679999999997,"O'Sullivan Elevations Bookcase, Cherry Finish",Bookcases,Furniture,0.1,130.98,0.69,1854.6767999999995,FU_136,13.097999999999999,3,4,SC-20050,Sample Company A,Small Business,sample_a@example.com,"Norwich, Connecticut",East,4
6/13/2012,41,1014,128.74,Serrated Blade or Curved Handle Hand Letter Openers,"Scissors, Rulers and Trimmers",Office Supplies,0.0,3.14,0.84,108.14160000000001,OF_305,0.15700000000000003,1,4,BM-11650,Brian Moss,Home Office,brian_moss@example.com,"Milwaukee, Wisconsin",Central,3
7/16/2012,50,1015,1331.82,"Tyvek ® Top-Opening Peel & Seel Envelopes, Plain White",Envelopes,Office Supplies,0.02,27.18,0.38,489.2399999999999,OF_348,1.359,2,4,BM-11650,Brian Moss,Corporate,brian_moss@example.com,"Milwaukee, Wisconsin",Central,3
5/15/2009,46,1016,3130.8336000000004,Keytronic 105-Key Spanish Keyboard,Computer Peripherals,Technology,0.08,73.98,0.77,2348.1252000000004,TE_150,11.097,3,1,KL-16555,Kelly Lampkin,Corporate,kelly_lampkin@example.com,"San Antonio, Texas",Central,3
5/15/2009,21,1017,75.73440000000001,"*Staples* vLetter Openers, 2/Pack","Scissors, Rulers and Trimmers",Office Supplies,0.02,3.68,0.83,62.5968,OF_85,0.18400000000000002,2,4,KL-16555,Kelly Lampkin,Corporate,kelly_lampkin@example.com,"San Antonio, Texas",Central,3
1/2/2011,16,1018,5240.025600000001,Hon 4700 Series Mobuis Mid-Back Task Chairs with Adjustable Arms,Chairs & Chairmats,Furniture,0.08,355.98,0.64,3189.5808000000006,FU_35,35.598000000000006,3,1,KL-16555,Kelly Lampkin,Corporate,kelly_lampkin@example.com,"San Antonio, Texas",Central,3
1/2/2011,1,1019,157.76039999999998,Office Star - Mid Back Dual function Ergonomic High Back Chair with 2-Way Adjustable Arms,Chairs & Chairmats,Furniture,0.02,160.98,0.62,96.58799999999998,FU_126,16.098,2,2,RW-19630,Rob Williams,Corporate,rob_williams@example.com,"Dallas, Texas",Central,3
1/2/2011,24,1020,6069.168000000001,Global Adaptabilities Conference Tables,Tables,Furniture,0.1,280.98,0.66,3776.3712000000005,FU_83,28.098000000000003,4,5,RW-19630,Rob Williams,Corporate,rob_williams@example.com,"Dallas, Texas",Central,3
1/5/2012,13,1021,2152.6804,Motorola SB4200 Cable Modem,Computer Peripherals,Technology,0.08,179.99,0.48,935.9480000000001,TE_151,26.9985,1,1,RC-19825,Roy Collins,Corporate,roy_collins@example.com,"Alexandria, Virginia",South,1
1/23/2009,18,1022,123.12,"Acme Design Line 8"" Stainless Steel Bent Scissors w/Champagne Handles, 3-1/8"" Cut","Scissors, Rulers and Trimmers",Office Supplies,0.0,6.84,0.58,71.4096,OF_157,0.342,2,5,SE-20110,Sanjit Engle,Consumer,sanjit_engle@example.com,"New York City, New York",East,4
12/24/2011,20,1023,717.8,Jet-Pak Recycled Peel 'N' Seal Padded Mailers,Envelopes,Office Supplies,0.0,35.89,0.4,287.12,OF_349,1.7945000000000002,1,4,SE-20110,Sanjit Engle,Small Business,sanjit_engle@example.com,"New York City, New York",East,4
11/20/2012,26,1024,173.745,Wilson Jones DublLock® D-Ring Binders,Binders and Binder Accessories,Office Supplies,0.01,6.75,0.35,59.67,OF_131,0.3375,1,3,SE-20110,Sanjit Engle,Corporate,sanjit_engle@example.com,"New York City, New York",East,4
12/29/2012,27,1025,166.58460000000002,Strathmore Photo Mount Cards,Paper,Office Supplies,0.09,6.78,0.39,54.918000000000035,OF_350,0.339,2,5,AH-10075,Adam Hart,Small Business,adam_hart@example.com,"New York City, New York",East,4
1/31/2010,7,1026,37.6278,Xerox 1978,Paper,Office Supplies,0.07,5.78,0.36,11.7334,OF_253,0.28900000000000003,1,5,JM-15535,Jessica Myrick,Corporate,jessica_myrick@example.com,"Philadelphia, Pennsylvania",East,4
2/4/2009,47,1027,632.9208,"GBC White Gloss Covers, Plain Front",Binders and Binder Accessories,Office Supplies,0.07,14.48,0.38,210.97359999999998,OF_351,0.7240000000000001,1,5,JM-15535,Jessica Myrick,Small Business,jessica_myrick@example.com,"Philadelphia, Pennsylvania",East,4
12/24/2011,9,1028,3675.1553999999996,GBC DocuBind 200 Manual Binding Machine,Binders and Binder Accessories,Office Supplies,0.03,420.98,0.35,1212.4223999999995,OF_261,21.049000000000003,2,5,JJ-15760,Joel Jenkins,Consumer,joel_jenkins@example.com,"Springfield, Virginia",South,1
2/27/2010,2,1029,13.3042,Self-Adhesive Address Labels for Typewriters by Universal,Labels,Office Supplies,0.09,7.31,0.38,4.239800000000001,OF_21,0.3655,2,4,JJ-15760,Joel Jenkins,Corporate,joel_jenkins@example.com,"Springfield, Virginia",South,1
2/27/2010,27,1030,3324.2724,"O'Sullivan Elevations Bookcase, Cherry Finish",Bookcases,Furniture,0.06,130.98,0.69,2227.9698,FU_136,13.097999999999999,2,5,AB-10165,Alan Barnes,Corporate,alan_barnes@example.com,"Toledo, Ohio",East,4
2/27/2010,15,1031,674.958,Xerox 1891,Paper,Office Supplies,0.08,48.91,0.38,220.09500000000003,OF_54,2.4455,2,4,AB-10165,Alan Barnes,Corporate,alan_barnes@example.com,"Toledo, Ohio",East,4
2/27/2010,40,1032,4441.2,Fellowes Recycled Storage Drawers,Storage & Organization,Office Supplies,0.0,111.03,0.78,3464.136,OF_60,5.551500000000001,2,3,AB-10165,Alan Barnes,Corporate,alan_barnes@example.com,"Toledo, Ohio",East,4
6/25/2012,17,1033,3503.3327999999997,"1.7 Cubic Foot Compact ""Cube"" Office Refrigerators",Appliances,Office Supplies,0.01,208.16,0.58,2017.0703999999994,OF_02,10.408000000000001,1,2,RK-19300,Ralph Kennedy,Corporate,ralph_kennedy@example.com,"Philadelphia, Pennsylvania",East,4
3/13/2012,10,1034,182.15999999999997,"DAX Contemporary Wood Frame with Silver Metal Mat, Desktop, 11 x 14 Size",Office Furnishings,Furniture,0.1,20.24,0.49,78.93599999999996,FU_63,2.024,3,4,CG-12040,Catherine Glotzbach,Consumer,catherine_glotzbach@example.com,"Philadelphia, Pennsylvania",East,4
12/28/2010,34,1035,188.632,Newell 312,Pens & Art Supplies,Office Supplies,0.05,5.84,0.55,99.28000000000002,OF_163,0.292,2,4,CG-12040,Catherine Glotzbach,Corporate,catherine_glotzbach@example.com,"Philadelphia, Pennsylvania",East,4
7/3/2012,13,1036,46.051199999999994,Avery 487,Labels,Office Supplies,0.04,3.69,0.38,16.309799999999996,OF_62,0.1845,1,5,CG-12040,Catherine Glotzbach,Consumer,catherine_glotzbach@example.com,"Philadelphia, Pennsylvania",East,4
4/5/2012,47,1037,164.75849999999997,Avery 487,Labels,Office Supplies,0.05,3.69,0.38,57.23189999999998,OF_62,0.1845,1,4,CG-12040,Catherine Glotzbach,Corporate,catherine_glotzbach@example.com,"Philadelphia, Pennsylvania",East,4
4/5/2012,26,1038,75.1088,Serrated Blade or Curved Handle Hand Letter Openers,"Scissors, Rulers and Trimmers",Office Supplies,0.08,3.14,0.84,62.0464,OF_305,0.15700000000000003,2,4,RA-19885,Ruben Ausman,Corporate,ruben_ausman@example.com,"Farmington, New Mexico",West,2
7/24/2009,20,1039,919.3979999999999,"Eureka Hand Vacuum, Bagless",Appliances,Office Supplies,0.07,49.43,0.57,494.29999999999984,OF_352,2.4715000000000003,2,5,RP-19270,Rachel Payne,Corporate,rachel_payne@example.com,"Riverside, California",West,2
7/18/2011,3,1040,251.79000000000002,Airmail Envelopes,Envelopes,Office Supplies,0.0,83.93,0.38,95.68020000000001,OF_353,4.1965,2,5,RP-19270,Rachel Payne,Corporate,rachel_payne@example.com,"Riverside, California",West,2
4/15/2010,5,1041,351.40500000000003,Keytronic French Keyboard,Computer Peripherals,Technology,0.05,73.98,0.65,221.94000000000003,TE_152,11.097,3,5,KC-16255,Karen Carlisle,Small Business,karen_carlisle@example.com,"San Francisco, California",West,2
6/15/2010,1,1042,9.9099,TDK 4.7GB DVD-R,Computer Peripherals,Technology,0.01,10.01,0.41,4.004,TE_77,1.5014999999999998,3,3,RW-19630,Rob Williams,Corporate,rob_williams@example.com,"Torrance, California",West,2
3/15/2011,36,1043,159.084,"Pressboard Covers with Storage Hooks, 9 1/2"" x 11"", Light Blue",Binders and Binder Accessories,Office Supplies,0.1,4.91,0.38,49.4928,OF_271,0.24550000000000002,1,5,RW-19630,Rob Williams,Corporate,rob_williams@example.com,"Torrance, California",West,2
3/15/2011,3,1044,380.187,Hon Olson Stacker Stools,Chairs & Chairmats,Furniture,0.1,140.81,0.57,198.5421,FU_46,14.081000000000001,4,5,JL-15850,John Lucas,Corporate,john_lucas@example.com,"Seattle, Washington",West,2
3/15/2011,48,1045,267.84000000000003,Newell 314,Pens & Art Supplies,Office Supplies,0.0,5.58,0.6,160.704,OF_354,0.279,1,4,JL-15850,John Lucas,Corporate,john_lucas@example.com,"Seattle, Washington",West,2
12/6/2009,3,1046,494.0754,Global Ergonomic Managers Chair,Chairs & Chairmats,Furniture,0.09,180.98,0.59,271.46999999999997,FU_38,18.098,2,1,JL-15850,John Lucas,Small Business,john_lucas@example.com,"Seattle, Washington",West,2
12/6/2009,26,1047,168.48000000000002,Xerox 1995,Paper,Office Supplies,0.0,6.48,0.37,62.337599999999995,OF_274,0.32400000000000007,2,3,CA-12775,Cynthia Arntzen,Small Business,cynthia_arntzen@example.com,"Mesa, Arizona",West,2
7/22/2010,7,1048,263.9112,Belkin 8 Outlet Surge Protector,Appliances,Office Supplies,0.08,40.98,0.57,140.5614,OF_295,2.049,1,2,RB-19795,Ross Baird,Small Business,ross_baird@example.com,"Philadelphia, Pennsylvania",East,4
6/25/2010,46,1049,27599.54,Canon Image Class D660 Copier,Copiers and Fax,Technology,0.0,599.99,0.44,12143.797599999998,TE_116,89.99849999999999,2,4,RB-19795,Ross Baird,Home Office,ross_baird@example.com,"Philadelphia, Pennsylvania",East,4
6/25/2010,49,1050,1928.1696,Xerox 1919,Paper,Office Supplies,0.04,40.99,0.36,642.7231999999999,OF_355,2.0495,2,4,RB-19795,Ross Baird,Home Office,ross_baird@example.com,"Philadelphia, Pennsylvania",East,4
6/25/2010,47,1051,654.8087,Eldon Jumbo ProFile Portable File Boxes Graphite/Black,Storage & Organization,Office Supplies,0.09,15.31,0.57,345.3936,OF_322,0.7655000000000001,1,4,RB-19795,Ross Baird,Home Office,ross_baird@example.com,"Philadelphia, Pennsylvania",East,4
10/8/2011,17,1052,556.7653,Accessory27,Telephones and Communication,Technology,0.09,35.99,0.85,464.99080000000004,TE_153,5.3985,3,5,RB-19795,Ross Baird,Corporate,ross_baird@example.com,"Philadelphia, Pennsylvania",East,4
9/7/2010,44,1053,725.1332,Berol Giant Pencil Sharpener,Pens & Art Supplies,Office Supplies,0.03,16.99,0.56,396.20680000000004,OF_356,0.8494999999999999,1,3,KH-16360,Katherine Hughes,Corporate,katherine_hughes@example.com,"Philadelphia, Pennsylvania",East,4
1/22/2012,40,1054,1475.424,Verbatim DVD-R 4.7GB authoring disc,Computer Peripherals,Technology,0.06,39.24,0.51,706.32,TE_34,5.886,2,5,GH-14665,Greg Hansen,Home Office,greg_hansen@example.com,"Round Rock, Texas",Central,3
1/22/2012,45,1055,353.241,"TOPS Money Receipt Book, Consecutively Numbered in Red,",Paper,Office Supplies,0.02,8.01,0.4,136.97099999999998,OF_306,0.4005,1,3,GH-14665,Greg Hansen,Home Office,greg_hansen@example.com,"Round Rock, Texas",Central,3
4/5/2012,30,1056,184.67999999999998,Xerox 227,Paper,Office Supplies,0.05,6.48,0.37,62.207999999999956,OF_357,0.32400000000000007,1,5,SW-20275,Scott Williamson,Small Business,scott_williamson@example.com,"Jackson, Mississippi",South,1
12/12/2009,41,1057,5375.567399999999,"Sauder Forest Hills Library, Woodland Oak Finish",Bookcases,Furniture,0.07,140.98,0.77,4046.1259999999993,FU_53,14.097999999999999,4,5,JA-15970,Joseph Airdo,Consumer,joseph_airdo@example.com,"Phoenix, Arizona",West,2
3/23/2012,33,1058,3752.7996,GBC VeloBinder Electric Binding Machine,Binders and Binder Accessories,Office Supplies,0.06,120.98,0.35,1157.7785999999996,OF_198,6.049,1,5,JA-15970,Joseph Airdo,Small Business,joseph_airdo@example.com,"Phoenix, Arizona",West,2
9/13/2011,45,1059,3559.986,Accessory4,Telephones and Communication,Technology,0.08,85.99,0.85,2979.5535,TE_14,12.898499999999999,1,3,JA-15970,Joseph Airdo,Corporate,joseph_airdo@example.com,"Phoenix, Arizona",West,2
9/5/2012,16,1060,1119.0816,"Lesro Sheffield Collection Coffee Table, End Table, Center Table, Corner Table",Tables,Furniture,0.02,71.37,0.68,753.6672000000001,FU_04,7.1370000000000005,3,3,DL-12925,Daniel Lacy,Small Business,daniel_lacy@example.com,"Oceanside, California",West,2
8/21/2010,30,1061,188.46000000000004,"Adams Phone Message Book, Professional, 400 Message Capacity, 5 3/6 x 11",Paper,Office Supplies,0.1,6.98,0.38,58.63200000000003,OF_358,0.34900000000000003,1,5,LW-16990,Lindsay Williams,Home Office,lindsay_williams@example.com,"San Francisco, California",West,2
10/26/2012,42,1062,880.74,Microsoft Internet Keyboard,Computer Peripherals,Technology,0.0,20.97,0.77,678.1698,TE_29,3.1454999999999997,3,5,TB-21190,Thomas Brumley,Small Business,thomas_brumley@example.com,"Fayetteville, Arkansas",South,1
10/6/2010,42,1063,168.9744,Xerox 1962,Paper,Office Supplies,0.06,4.28,0.4,61.118399999999994,OF_359,0.21400000000000002,1,4,CV-12805,Cynthia Voltz,Corporate,cynthia_voltz@example.com,"San Francisco, California",West,2
3/13/2010,8,1064,872.2447999999999,636,Telephones and Communication,Technology,0.06,115.99,0.57,473.2391999999999,TE_154,17.3985,3,2,MS-17365,Maribeth Schnelling,Home Office,maribeth_schnelling@example.com,"Boca Raton, Florida",South,1
5/25/2011,45,1065,11798.172,Global Commerce Series High-Back Swivel/Tilt Chairs,Chairs & Chairmats,Furniture,0.08,284.98,0.6,6668.531999999999,FU_137,28.498000000000005,2,2,BS-11800,Bryan Spruell,Corporate,bryan_spruell@example.com,"New York City, New York",East,4
5/9/2011,16,1066,26.496000000000002,Wilson Jones Easy Flow II Sheet Lifters,Binders and Binder Accessories,Office Supplies,0.08,1.8,0.37,8.352,OF_360,0.09000000000000001,1,3,BS-11800,Bryan Spruell,Small Business,bryan_spruell@example.com,"New York City, New York",East,4
5/9/2011,23,1067,109.9584,Avery White Multi-Purpose Labels,Labels,Office Supplies,0.04,4.98,0.39,40.088999999999984,OF_361,0.24900000000000003,1,5,BS-11800,Bryan Spruell,Small Business,bryan_spruell@example.com,"New York City, New York",East,4
1/18/2010,7,1068,133.7063,Accessory25,Telephones and Communication,Technology,0.09,20.99,0.57,70.5264,TE_155,3.1485,2,5,BS-11800,Bryan Spruell,Small Business,bryan_spruell@example.com,"New York City, New York",East,4
12/12/2009,16,1069,65.74080000000001,Xerox 199,Paper,Office Supplies,0.04,4.28,0.4,24.652800000000006,OF_362,0.21400000000000002,1,4,BS-11800,Bryan Spruell,Corporate,bryan_spruell@example.com,"New York City, New York",East,4
12/12/2009,29,1070,10253.3038,Bretford Rectangular Conference Table Tops,Tables,Furniture,0.06,376.13,0.74,7417.2836,FU_123,37.613,3,3,BS-11800,Bryan Spruell,Corporate,bryan_spruell@example.com,"New York City, New York",East,4
12/12/2009,37,1071,14754.023799999999,Bush Advantage Collection® Racetrack Conference Table,Tables,Furniture,0.06,424.21,0.67,9574.419699999999,FU_138,42.421,2,3,DL-13315,Delfina Latchford,Corporate,delfina_latchford@example.com,"Philadelphia, Pennsylvania",East,4
12/12/2009,8,1072,1473.8448,T28 WORLD,Telephones and Communication,Technology,0.06,195.99,0.6,846.6768,TE_121,29.3985,2,1,DL-13315,Delfina Latchford,Corporate,delfina_latchford@example.com,"Philadelphia, Pennsylvania",East,4
1/22/2010,24,1073,2516.6784000000002,Hon Comfortask® Task/Swivel Chairs,Chairs & Chairmats,Furniture,0.08,113.98,0.69,1668.6671999999999,FU_139,11.398000000000001,2,2,DL-13315,Delfina Latchford,Small Business,delfina_latchford@example.com,"Philadelphia, Pennsylvania",East,4
1/22/2010,2,1074,55.9286,Fellowes 17-key keypad for PS/2 interface,Computer Peripherals,Technology,0.09,30.73,0.75,40.5636,TE_31,4.6095,2,1,DL-13315,Delfina Latchford,Small Business,delfina_latchford@example.com,"Philadelphia, Pennsylvania",East,4
1/22/2010,19,1075,837.2919999999999,Xerox 1938,Paper,Office Supplies,0.08,47.9,0.37,263.929,OF_363,2.395,2,5,PO-19195,Phillina Ober,Small Business,phillina_ober@example.com,"New York City, New York",East,4
12/9/2012,50,1076,883.5000000000001,"Executive Impressions 12"" Wall Clock",Office Furnishings,Furniture,0.0,17.67,0.47,415.245,FU_128,1.7670000000000003,2,2,PO-19195,Phillina Ober,Home Office,phillina_ober@example.com,"New York City, New York",East,4
8/28/2009,25,1077,498.51249999999993,1726 Digital Answering Machine,Telephones and Communication,Technology,0.05,20.99,0.58,278.11749999999995,TE_138,3.1485,1,5,TD-20995,Tamara Dahlen,Corporate,tamara_dahlen@example.com,"Portland, Oregon",West,2
11/4/2012,23,1078,6105.9089,Hon 4070 Series Pagoda Armless Upholstered Stacking Chairs,Chairs & Chairmats,Furniture,0.09,291.73,0.56,3153.6013000000003,FU_57,29.173000000000002,3,4,BW-11110,Bart Watters,Consumer,bart_watters@example.com,"Detroit, Michigan",Central,3
7/20/2010,26,1079,121.71120000000002,Rediform S.O.S. Phone Message Books,Paper,Office Supplies,0.06,4.98,0.36,38.84400000000001,OF_364,0.24900000000000003,2,5,RW-19690,Robert Waldorf,Home Office,robert_waldorf@example.com,"Wilmington, North Carolina",South,1
7/20/2010,27,1080,3129.5915999999997,StarTAC 3000,Telephones and Communication,Technology,0.08,125.99,0.59,1734.8822999999998,TE_156,18.8985,1,2,KB-16600,Ken Brennan,Home Office,ken_brennan@example.com,"Columbus, Indiana",Central,3
11/15/2011,39,1081,68.18759999999999,Staples® General Use 3-Ring Binders,Binders and Binder Accessories,Office Supplies,0.07,1.88,0.37,21.995999999999995,OF_47,0.094,1,5,EB-13870,Emily Burns,Corporate,emily_burns@example.com,"New York City, New York",East,4
3/22/2009,16,1082,2195.712,Adesso Programmable 142-Key Keyboard,Computer Peripherals,Technology,0.1,152.48,0.79,1683.3792,TE_157,22.871999999999996,3,3,TZ-21580,Tracy Zic,Corporate,tracy_zic@example.com,"Louisville, Colorado",West,2
8/6/2009,45,1083,172.8405,"ACCOHIDE® 3-Ring Binder, Blue, 1""",Binders and Binder Accessories,Office Supplies,0.07,4.13,0.38,57.61349999999999,OF_171,0.20650000000000002,2,5,TZ-21580,Tracy Zic,Small Business,tracy_zic@example.com,"Louisville, Colorado",West,2
8/6/2009,30,1084,134.4,Ampad #10 Peel & Seel® Holiday Envelopes,Envelopes,Office Supplies,0.0,4.48,0.37,49.727999999999994,OF_365,0.22400000000000003,1,4,TZ-21580,Tracy Zic,Small Business,tracy_zic@example.com,"Louisville, Colorado",West,2
3/23/2012,35,1085,247.156,"Imation 3.5"" DS-HD Macintosh Formatted Diskettes, 10/Pack",Computer Peripherals,Technology,0.03,7.28,0.68,165.62,TE_131,1.092,2,5,AS-10630,Ann Steele,Corporate,ann_steele@example.com,"Pasadena, Texas",Central,3
4/13/2011,22,1086,76.912,Durable Pressboard Binders,Binders and Binder Accessories,Office Supplies,0.08,3.8,0.38,25.080000000000013,OF_92,0.19,1,4,AS-10630,Ann Steele,Small Business,ann_steele@example.com,"Pasadena, Texas",Central,3
4/13/2011,35,1087,10112.928000000002,"Global Leather and Oak Executive Chair, Black",Chairs & Chairmats,Furniture,0.04,300.98,0.56,5477.836000000002,FU_13,30.098000000000003,3,4,AS-10630,Ann Steele,Small Business,ann_steele@example.com,"Pasadena, Texas",Central,3
9/6/2011,8,1088,43.2,3M Organizer Strips,Binders and Binder Accessories,Office Supplies,0.0,5.4,0.37,15.984000000000002,OF_116,0.27,2,4,TS-21340,Toby Swindell,Small Business,toby_swindell@example.com,"Houston, Texas",Central,3
5/23/2012,50,1089,287.04,Xerox 1983,Paper,Office Supplies,0.04,5.98,0.36,95.68,OF_325,0.29900000000000004,1,3,JG-15805,John Grady,Small Business,john_grady@example.com,"Auburn, New York",East,4
3/4/2012,12,1090,45.504,Advantus Map Pennant Flags and Round Head Tacks,Rubber Bands,Office Supplies,0.04,3.95,0.53,23.226,OF_10,0.1975,1,4,JG-15805,John Grady,Home Office,john_grady@example.com,"Auburn, New York",East,4
11/3/2009,11,1091,1699.9488,Office Star - Mid Back Dual function Ergonomic High Back Chair with 2-Way Adjustable Arms,Chairs & Chairmats,Furniture,0.04,160.98,0.62,1027.0524,FU_126,16.098,3,3,SL-20155,Sara Luxemburg,Home Office,sara_luxemburg@example.com,"Jacksonville, Florida",South,1
11/3/2009,43,1092,765.4086,"Belkin 107-key enhanced keyboard, USB/PS/2 interface",Computer Peripherals,Technology,0.01,17.98,0.79,603.0492,TE_158,2.697,3,3,TS-21610,Troy Staebel,Home Office,troy_staebel@example.com,"New York City, New York",East,4
11/3/2009,24,1093,2616.7344,5185,Telephones and Communication,Technology,0.06,115.99,0.58,1447.5551999999998,TE_159,17.3985,1,2,RF-19735,Roland Fjeld,Home Office,roland_fjeld@example.com,"San Jose, California",West,2
8/12/2009,5,1094,574.655,Hon Every-Day® Chair Series Swivel Task Chairs,Chairs & Chairmats,Furniture,0.05,120.98,0.64,356.89099999999996,FU_06,12.098,3,4,RF-19735,Roland Fjeld,Small Business,roland_fjeld@example.com,"San Jose, California",West,2
7/7/2010,25,1095,61.9875,Avery 494,Labels,Office Supplies,0.05,2.61,0.39,22.185000000000002,OF_158,0.1305,2,4,MW-18235,Mitch Willingham,Corporate,mitch_willingham@example.com,"Virginia Beach, Virginia",South,1
11/5/2010,28,1096,179.62560000000002,Xerox 1905,Paper,Office Supplies,0.01,6.48,0.37,65.3184,OF_220,0.32400000000000007,1,3,MW-18235,Mitch Willingham,Small Business,mitch_willingham@example.com,"Virginia Beach, Virginia",South,1
5/5/2012,32,1097,1219.2671999999998,Dana Halogen Swing-Arm Architect Lamp,Office Furnishings,Furniture,0.07,40.97,0.57,655.5199999999998,FU_43,4.097,3,4,RD-19585,Rob Dowd,Consumer,rob_dowd@example.com,"Henderson, Kentucky",South,1
6/23/2010,22,1098,344.43199999999996,Maxell DVD-RAM Discs,Computer Peripherals,Technology,0.05,16.48,0.42,134.14719999999994,TE_160,2.472,3,1,RD-19585,Rob Dowd,Small Business,rob_dowd@example.com,"Henderson, Kentucky",South,1
6/23/2010,41,1099,763.4527999999999,"DAX Contemporary Wood Frame with Silver Metal Mat, Desktop, 11 x 14 Size",Office Furnishings,Furniture,0.08,20.24,0.49,340.23439999999994,FU_63,2.024,3,3,RD-19585,Rob Dowd,Small Business,rob_dowd@example.com,"Henderson, Kentucky",South,1
6/23/2010,43,1100,815.7099999999999,Computer Printout Paper with Letter-Trim Perforations,Paper,Office Supplies,0.0,18.97,0.37,301.81269999999995,OF_25,0.9485,2,4,RD-19585,Rob Dowd,Small Business,rob_dowd@example.com,"Henderson, Kentucky",South,1
